%YAML 1.1
%TAG !u! tag:unity3d.com,2011:
--- !u!29 &1
OcclusionCullingSettings:
  m_ObjectHideFlags: 0
  serializedVersion: 2
  m_OcclusionBakeSettings:
    smallestOccluder: 5
    smallestHole: 0.25
    backfaceThreshold: 100
  m_SceneGUID: 00000000000000000000000000000000
  m_OcclusionCullingData: {fileID: 0}
--- !u!104 &2
RenderSettings:
  m_ObjectHideFlags: 0
  serializedVersion: 9
  m_Fog: 0
  m_FogColor: {r: 0.5, g: 0.5, b: 0.5, a: 1}
  m_FogMode: 3
  m_FogDensity: 0.01
  m_LinearFogStart: 0
  m_LinearFogEnd: 300
  m_AmbientSkyColor: {r: 0.212, g: 0.227, b: 0.259, a: 1}
  m_AmbientEquatorColor: {r: 0.114, g: 0.125, b: 0.133, a: 1}
  m_AmbientGroundColor: {r: 0.047, g: 0.043, b: 0.035, a: 1}
  m_AmbientIntensity: 1
  m_AmbientMode: 3
  m_SubtractiveShadowColor: {r: 0.42, g: 0.478, b: 0.627, a: 1}
  m_SkyboxMaterial: {fileID: 0}
  m_HaloStrength: 0.5
  m_FlareStrength: 1
  m_FlareFadeSpeed: 3
  m_HaloTexture: {fileID: 0}
  m_SpotCookie: {fileID: 10001, guid: 0000000000000000e000000000000000, type: 0}
  m_DefaultReflectionMode: 0
  m_DefaultReflectionResolution: 128
  m_ReflectionBounces: 1
  m_ReflectionIntensity: 1
  m_CustomReflection: {fileID: 0}
  m_Sun: {fileID: 0}
  m_IndirectSpecularColor: {r: 0, g: 0, b: 0, a: 1}
  m_UseRadianceAmbientProbe: 0
--- !u!157 &3
LightmapSettings:
  m_ObjectHideFlags: 0
  serializedVersion: 12
  m_GIWorkflowMode: 1
  m_GISettings:
    serializedVersion: 2
    m_BounceScale: 1
    m_IndirectOutputScale: 1
    m_AlbedoBoost: 1
    m_EnvironmentLightingMode: 0
    m_EnableBakedLightmaps: 0
    m_EnableRealtimeLightmaps: 0
  m_LightmapEditorSettings:
    serializedVersion: 12
    m_Resolution: 2
    m_BakeResolution: 40
    m_AtlasSize: 1024
    m_AO: 0
    m_AOMaxDistance: 1
    m_CompAOExponent: 1
    m_CompAOExponentDirect: 0
    m_ExtractAmbientOcclusion: 0
    m_Padding: 2
    m_LightmapParameters: {fileID: 0}
    m_LightmapsBakeMode: 1
    m_TextureCompression: 1
    m_FinalGather: 0
    m_FinalGatherFiltering: 1
    m_FinalGatherRayCount: 256
    m_ReflectionCompression: 2
    m_MixedBakeMode: 2
    m_BakeBackend: 0
    m_PVRSampling: 1
    m_PVRDirectSampleCount: 32
    m_PVRSampleCount: 500
    m_PVRBounces: 2
    m_PVREnvironmentSampleCount: 500
    m_PVREnvironmentReferencePointCount: 2048
    m_PVRFilteringMode: 2
    m_PVRDenoiserTypeDirect: 0
    m_PVRDenoiserTypeIndirect: 0
    m_PVRDenoiserTypeAO: 0
    m_PVRFilterTypeDirect: 0
    m_PVRFilterTypeIndirect: 0
    m_PVRFilterTypeAO: 0
    m_PVREnvironmentMIS: 0
    m_PVRCulling: 1
    m_PVRFilteringGaussRadiusDirect: 1
    m_PVRFilteringGaussRadiusIndirect: 5
    m_PVRFilteringGaussRadiusAO: 2
    m_PVRFilteringAtrousPositionSigmaDirect: 0.5
    m_PVRFilteringAtrousPositionSigmaIndirect: 2
    m_PVRFilteringAtrousPositionSigmaAO: 1
    m_ExportTrainingData: 0
    m_TrainingDataDestination: TrainingData
    m_LightProbeSampleCountMultiplier: 4
  m_LightingDataAsset: {fileID: 0}
  m_LightingSettings: {fileID: 0}
--- !u!196 &4
NavMeshSettings:
  serializedVersion: 2
  m_ObjectHideFlags: 0
  m_BuildSettings:
    serializedVersion: 2
    agentTypeID: 0
    agentRadius: 0.5
    agentHeight: 2
    agentSlope: 45
    agentClimb: 0.4
    ledgeDropHeight: 0
    maxJumpAcrossDistance: 0
    minRegionArea: 2
    manualCellSize: 0
    cellSize: 0.16666667
    manualTileSize: 0
    tileSize: 256
    accuratePlacement: 0
    maxJobWorkers: 0
    preserveTilesOutsideBounds: 0
    debug:
      m_Flags: 0
  m_NavMeshData: {fileID: 0}
--- !u!1 &45178312
GameObject:
  m_ObjectHideFlags: 0
  m_CorrespondingSourceObject: {fileID: 0}
  m_PrefabInstance: {fileID: 0}
  m_PrefabAsset: {fileID: 0}
  serializedVersion: 6
  m_Component:
  - component: {fileID: 45178314}
  - component: {fileID: 45178313}
  m_Layer: 0
  m_Name: UIController
  m_TagString: Untagged
  m_Icon: {fileID: 0}
  m_NavMeshLayer: 0
  m_StaticEditorFlags: 0
  m_IsActive: 1
--- !u!114 &45178313
MonoBehaviour:
  m_ObjectHideFlags: 0
  m_CorrespondingSourceObject: {fileID: 0}
  m_PrefabInstance: {fileID: 0}
  m_PrefabAsset: {fileID: 0}
  m_GameObject: {fileID: 45178312}
  m_Enabled: 1
  m_EditorHideFlags: 0
  m_Script: {fileID: 11500000, guid: 58b377eb657b76546a37b3c26e0ff476, type: 3}
  m_Name: 
  m_EditorClassIdentifier: 
  ScoreScreen: {fileID: 638809913}
  TipsData: {fileID: 11400000, guid: 56639dc561e134547a7eb8740e6309b3, type: 2}
--- !u!4 &45178314
Transform:
  m_ObjectHideFlags: 0
  m_CorrespondingSourceObject: {fileID: 0}
  m_PrefabInstance: {fileID: 0}
  m_PrefabAsset: {fileID: 0}
  m_GameObject: {fileID: 45178312}
  m_LocalRotation: {x: 0, y: 0, z: 0, w: 1}
  m_LocalPosition: {x: 167.51431, y: 305.24152, z: -16.774961}
  m_LocalScale: {x: 1, y: 1, z: 1}
  m_Children: []
  m_Father: {fileID: 0}
  m_RootOrder: 2
  m_LocalEulerAnglesHint: {x: 0, y: 0, z: 0}
--- !u!4 &114144141 stripped
Transform:
  m_CorrespondingSourceObject: {fileID: 3624550886420497130, guid: 782b16cbd91499843b6347357c0d8134, type: 3}
  m_PrefabInstance: {fileID: 1041959062}
  m_PrefabAsset: {fileID: 0}
--- !u!114 &164582444 stripped
MonoBehaviour:
  m_CorrespondingSourceObject: {fileID: 3396656124582791193, guid: 63010326187a542489a8ace012a68888, type: 3}
  m_PrefabInstance: {fileID: 177773338}
  m_PrefabAsset: {fileID: 0}
  m_GameObject: {fileID: 0}
  m_Enabled: 1
  m_EditorHideFlags: 0
  m_Script: {fileID: 11500000, guid: 4fb0be1451f2a74499278d4e88022fb8, type: 3}
  m_Name: 
  m_EditorClassIdentifier: 
--- !u!1001 &177773338
PrefabInstance:
  m_ObjectHideFlags: 0
  serializedVersion: 2
  m_Modification:
    m_TransformParent: {fileID: 249638930}
    m_Modifications:
    - target: {fileID: 281443234450689819, guid: 63010326187a542489a8ace012a68888, type: 3}
      propertyPath: m_AnchoredPosition.x
      value: -97.58984
      objectReference: {fileID: 0}
    - target: {fileID: 455675360071947986, guid: 63010326187a542489a8ace012a68888, type: 3}
      propertyPath: m_Name
      value: IngameUI
      objectReference: {fileID: 0}
    - target: {fileID: 455675360071947987, guid: 63010326187a542489a8ace012a68888, type: 3}
      propertyPath: m_Pivot.x
      value: 0.5
      objectReference: {fileID: 0}
    - target: {fileID: 455675360071947987, guid: 63010326187a542489a8ace012a68888, type: 3}
      propertyPath: m_Pivot.y
      value: 0.5
      objectReference: {fileID: 0}
    - target: {fileID: 455675360071947987, guid: 63010326187a542489a8ace012a68888, type: 3}
      propertyPath: m_RootOrder
      value: 0
      objectReference: {fileID: 0}
    - target: {fileID: 455675360071947987, guid: 63010326187a542489a8ace012a68888, type: 3}
      propertyPath: m_AnchorMax.x
      value: 1
      objectReference: {fileID: 0}
    - target: {fileID: 455675360071947987, guid: 63010326187a542489a8ace012a68888, type: 3}
      propertyPath: m_AnchorMax.y
      value: 1
      objectReference: {fileID: 0}
    - target: {fileID: 455675360071947987, guid: 63010326187a542489a8ace012a68888, type: 3}
      propertyPath: m_AnchorMin.x
      value: 0
      objectReference: {fileID: 0}
    - target: {fileID: 455675360071947987, guid: 63010326187a542489a8ace012a68888, type: 3}
      propertyPath: m_AnchorMin.y
      value: 1
      objectReference: {fileID: 0}
    - target: {fileID: 455675360071947987, guid: 63010326187a542489a8ace012a68888, type: 3}
      propertyPath: m_SizeDelta.x
      value: 1.2199707
      objectReference: {fileID: 0}
    - target: {fileID: 455675360071947987, guid: 63010326187a542489a8ace012a68888, type: 3}
      propertyPath: m_SizeDelta.y
      value: 230.3902
      objectReference: {fileID: 0}
    - target: {fileID: 455675360071947987, guid: 63010326187a542489a8ace012a68888, type: 3}
      propertyPath: m_LocalPosition.x
      value: 0
      objectReference: {fileID: 0}
    - target: {fileID: 455675360071947987, guid: 63010326187a542489a8ace012a68888, type: 3}
      propertyPath: m_LocalPosition.y
      value: 0
      objectReference: {fileID: 0}
    - target: {fileID: 455675360071947987, guid: 63010326187a542489a8ace012a68888, type: 3}
      propertyPath: m_LocalPosition.z
      value: 0
      objectReference: {fileID: 0}
    - target: {fileID: 455675360071947987, guid: 63010326187a542489a8ace012a68888, type: 3}
      propertyPath: m_LocalRotation.w
      value: 0.0000034123655
      objectReference: {fileID: 0}
    - target: {fileID: 455675360071947987, guid: 63010326187a542489a8ace012a68888, type: 3}
      propertyPath: m_LocalRotation.x
      value: -0
      objectReference: {fileID: 0}
    - target: {fileID: 455675360071947987, guid: 63010326187a542489a8ace012a68888, type: 3}
      propertyPath: m_LocalRotation.y
      value: -0
      objectReference: {fileID: 0}
    - target: {fileID: 455675360071947987, guid: 63010326187a542489a8ace012a68888, type: 3}
      propertyPath: m_LocalRotation.z
      value: 1
      objectReference: {fileID: 0}
    - target: {fileID: 455675360071947987, guid: 63010326187a542489a8ace012a68888, type: 3}
      propertyPath: m_AnchoredPosition.x
      value: 0.5
      objectReference: {fileID: 0}
    - target: {fileID: 455675360071947987, guid: 63010326187a542489a8ace012a68888, type: 3}
      propertyPath: m_AnchoredPosition.y
      value: -115.19922
      objectReference: {fileID: 0}
    - target: {fileID: 455675360071947987, guid: 63010326187a542489a8ace012a68888, type: 3}
      propertyPath: m_LocalEulerAnglesHint.x
      value: 0
      objectReference: {fileID: 0}
    - target: {fileID: 455675360071947987, guid: 63010326187a542489a8ace012a68888, type: 3}
      propertyPath: m_LocalEulerAnglesHint.y
      value: 0
      objectReference: {fileID: 0}
    - target: {fileID: 455675360071947987, guid: 63010326187a542489a8ace012a68888, type: 3}
      propertyPath: m_LocalEulerAnglesHint.z
      value: 180
      objectReference: {fileID: 0}
    - target: {fileID: 2080833813473569477, guid: 63010326187a542489a8ace012a68888, type: 3}
      propertyPath: m_Colors.m_HighlightedColor.b
      value: 0.254717
      objectReference: {fileID: 0}
    - target: {fileID: 2080833813473569477, guid: 63010326187a542489a8ace012a68888, type: 3}
      propertyPath: m_Colors.m_HighlightedColor.g
      value: 0.254717
      objectReference: {fileID: 0}
    - target: {fileID: 2080833813473569477, guid: 63010326187a542489a8ace012a68888, type: 3}
      propertyPath: m_Colors.m_HighlightedColor.r
      value: 0.254717
      objectReference: {fileID: 0}
    - target: {fileID: 2080833813473569477, guid: 63010326187a542489a8ace012a68888, type: 3}
      propertyPath: m_OnClick.m_PersistentCalls.m_Calls.Array.size
      value: 1
      objectReference: {fileID: 0}
    - target: {fileID: 2080833813473569477, guid: 63010326187a542489a8ace012a68888, type: 3}
      propertyPath: m_OnClick.m_PersistentCalls.m_Calls.Array.data[0].m_Mode
      value: 1
      objectReference: {fileID: 0}
    - target: {fileID: 2080833813473569477, guid: 63010326187a542489a8ace012a68888, type: 3}
      propertyPath: m_OnClick.m_PersistentCalls.m_Calls.Array.data[0].m_Target
      value: 
      objectReference: {fileID: 423181628}
    - target: {fileID: 2080833813473569477, guid: 63010326187a542489a8ace012a68888, type: 3}
      propertyPath: m_OnClick.m_PersistentCalls.m_Calls.Array.data[0].m_CallState
      value: 2
      objectReference: {fileID: 0}
    - target: {fileID: 2080833813473569477, guid: 63010326187a542489a8ace012a68888, type: 3}
      propertyPath: m_OnClick.m_PersistentCalls.m_Calls.Array.data[0].m_MethodName
      value: CancelCurrentGame
      objectReference: {fileID: 0}
    - target: {fileID: 2080833813473569477, guid: 63010326187a542489a8ace012a68888, type: 3}
      propertyPath: m_OnClick.m_PersistentCalls.m_Calls.Array.data[0].m_TargetAssemblyTypeName
      value: LevelController, Assembly-CSharp
      objectReference: {fileID: 0}
    - target: {fileID: 2080833813473569477, guid: 63010326187a542489a8ace012a68888, type: 3}
      propertyPath: m_OnClick.m_PersistentCalls.m_Calls.Array.data[0].m_Arguments.m_ObjectArgumentAssemblyTypeName
      value: UnityEngine.Object, UnityEngine
      objectReference: {fileID: 0}
    m_RemovedComponents: []
  m_SourcePrefab: {fileID: 100100000, guid: 63010326187a542489a8ace012a68888, type: 3}
--- !u!114 &177773341 stripped
MonoBehaviour:
  m_CorrespondingSourceObject: {fileID: 177773341, guid: 63010326187a542489a8ace012a68888, type: 3}
  m_PrefabInstance: {fileID: 177773338}
  m_PrefabAsset: {fileID: 0}
  m_GameObject: {fileID: 0}
  m_Enabled: 1
  m_EditorHideFlags: 0
  m_Script: {fileID: 11500000, guid: 899110a4840878042a3fba84cc13af3a, type: 3}
  m_Name: 
  m_EditorClassIdentifier: 
--- !u!1 &249638926
GameObject:
  m_ObjectHideFlags: 0
  m_CorrespondingSourceObject: {fileID: 0}
  m_PrefabInstance: {fileID: 0}
  m_PrefabAsset: {fileID: 0}
  serializedVersion: 6
  m_Component:
  - component: {fileID: 249638930}
  - component: {fileID: 249638929}
  - component: {fileID: 249638928}
  - component: {fileID: 249638927}
  m_Layer: 5
  m_Name: Canvas
  m_TagString: Untagged
  m_Icon: {fileID: 0}
  m_NavMeshLayer: 0
  m_StaticEditorFlags: 0
  m_IsActive: 1
--- !u!114 &249638927
MonoBehaviour:
  m_ObjectHideFlags: 0
  m_CorrespondingSourceObject: {fileID: 0}
  m_PrefabInstance: {fileID: 0}
  m_PrefabAsset: {fileID: 0}
  m_GameObject: {fileID: 249638926}
  m_Enabled: 1
  m_EditorHideFlags: 0
  m_Script: {fileID: 11500000, guid: dc42784cf147c0c48a680349fa168899, type: 3}
  m_Name: 
  m_EditorClassIdentifier: 
  m_IgnoreReversedGraphics: 1
  m_BlockingObjects: 0
  m_BlockingMask:
    serializedVersion: 2
    m_Bits: 4294967295
--- !u!114 &249638928
MonoBehaviour:
  m_ObjectHideFlags: 0
  m_CorrespondingSourceObject: {fileID: 0}
  m_PrefabInstance: {fileID: 0}
  m_PrefabAsset: {fileID: 0}
  m_GameObject: {fileID: 249638926}
  m_Enabled: 1
  m_EditorHideFlags: 0
  m_Script: {fileID: 11500000, guid: 0cd44c1031e13a943bb63640046fad76, type: 3}
  m_Name: 
  m_EditorClassIdentifier: 
  m_UiScaleMode: 1
  m_ReferencePixelsPerUnit: 100
  m_ScaleFactor: 1
  m_ReferenceResolution: {x: 1125, y: 2436}
  m_ScreenMatchMode: 1
  m_MatchWidthOrHeight: 0
  m_PhysicalUnit: 3
  m_FallbackScreenDPI: 96
  m_DefaultSpriteDPI: 96
  m_DynamicPixelsPerUnit: 1
  m_PresetInfoIsWorld: 0
--- !u!223 &249638929
Canvas:
  m_ObjectHideFlags: 0
  m_CorrespondingSourceObject: {fileID: 0}
  m_PrefabInstance: {fileID: 0}
  m_PrefabAsset: {fileID: 0}
  m_GameObject: {fileID: 249638926}
  m_Enabled: 1
  serializedVersion: 3
  m_RenderMode: 0
  m_Camera: {fileID: 0}
  m_PlaneDistance: 100
  m_PixelPerfect: 0
  m_ReceivesEvents: 1
  m_OverrideSorting: 0
  m_OverridePixelPerfect: 0
  m_SortingBucketNormalizedSize: 0
  m_AdditionalShaderChannelsFlag: 0
  m_SortingLayerID: 0
  m_SortingOrder: 0
  m_TargetDisplay: 0
--- !u!224 &249638930
RectTransform:
  m_ObjectHideFlags: 0
  m_CorrespondingSourceObject: {fileID: 0}
  m_PrefabInstance: {fileID: 0}
  m_PrefabAsset: {fileID: 0}
  m_GameObject: {fileID: 249638926}
  m_LocalRotation: {x: 0, y: 0, z: 0, w: 1}
  m_LocalPosition: {x: 0, y: 0, z: 0}
  m_LocalScale: {x: 0, y: 0, z: 0}
  m_Children:
  - {fileID: 370168099}
  - {fileID: 2062592230}
  - {fileID: 638809912}
  m_Father: {fileID: 0}
  m_RootOrder: 4
  m_LocalEulerAnglesHint: {x: 0, y: 0, z: 0}
  m_AnchorMin: {x: 0, y: 0}
  m_AnchorMax: {x: 0, y: 0}
  m_AnchoredPosition: {x: 0, y: 0}
  m_SizeDelta: {x: 0, y: 0}
  m_Pivot: {x: 0, y: 0}
--- !u!1001 &268723226
PrefabInstance:
  m_ObjectHideFlags: 0
  serializedVersion: 2
  m_Modification:
    m_TransformParent: {fileID: 423181629}
    m_Modifications:
    - target: {fileID: 1574882216775932699, guid: 338002975cc5a224781c9d80b5402800, type: 3}
      propertyPath: m_RootOrder
      value: 11
      objectReference: {fileID: 0}
    - target: {fileID: 1574882216775932699, guid: 338002975cc5a224781c9d80b5402800, type: 3}
      propertyPath: m_LocalPosition.x
      value: -1.07
      objectReference: {fileID: 0}
    - target: {fileID: 1574882216775932699, guid: 338002975cc5a224781c9d80b5402800, type: 3}
      propertyPath: m_LocalPosition.y
      value: 2.73
      objectReference: {fileID: 0}
    - target: {fileID: 1574882216775932699, guid: 338002975cc5a224781c9d80b5402800, type: 3}
      propertyPath: m_LocalPosition.z
      value: 0
      objectReference: {fileID: 0}
    - target: {fileID: 1574882216775932699, guid: 338002975cc5a224781c9d80b5402800, type: 3}
      propertyPath: m_LocalRotation.w
      value: 1
      objectReference: {fileID: 0}
    - target: {fileID: 1574882216775932699, guid: 338002975cc5a224781c9d80b5402800, type: 3}
      propertyPath: m_LocalRotation.x
      value: 0
      objectReference: {fileID: 0}
    - target: {fileID: 1574882216775932699, guid: 338002975cc5a224781c9d80b5402800, type: 3}
      propertyPath: m_LocalRotation.y
      value: 0
      objectReference: {fileID: 0}
    - target: {fileID: 1574882216775932699, guid: 338002975cc5a224781c9d80b5402800, type: 3}
      propertyPath: m_LocalRotation.z
      value: 0
      objectReference: {fileID: 0}
    - target: {fileID: 1574882216775932699, guid: 338002975cc5a224781c9d80b5402800, type: 3}
      propertyPath: m_LocalEulerAnglesHint.x
      value: 0
      objectReference: {fileID: 0}
    - target: {fileID: 1574882216775932699, guid: 338002975cc5a224781c9d80b5402800, type: 3}
      propertyPath: m_LocalEulerAnglesHint.y
      value: 0
      objectReference: {fileID: 0}
    - target: {fileID: 1574882216775932699, guid: 338002975cc5a224781c9d80b5402800, type: 3}
      propertyPath: m_LocalEulerAnglesHint.z
      value: 0
      objectReference: {fileID: 0}
    - target: {fileID: 2242005912958436179, guid: 338002975cc5a224781c9d80b5402800, type: 3}
      propertyPath: m_Camera
      value: 
      objectReference: {fileID: 519420031}
    - target: {fileID: 4496565379206701603, guid: 338002975cc5a224781c9d80b5402800, type: 3}
      propertyPath: m_Camera
      value: 
      objectReference: {fileID: 519420031}
    - target: {fileID: 5446579298493882911, guid: 338002975cc5a224781c9d80b5402800, type: 3}
      propertyPath: m_Camera
      value: 
      objectReference: {fileID: 519420031}
    - target: {fileID: 5596206953296304613, guid: 338002975cc5a224781c9d80b5402800, type: 3}
      propertyPath: m_Name
      value: MultiLink
      objectReference: {fileID: 0}
    - target: {fileID: 7514956334292593868, guid: 338002975cc5a224781c9d80b5402800, type: 3}
      propertyPath: m_Camera
      value: 
      objectReference: {fileID: 519420031}
    m_RemovedComponents: []
  m_SourcePrefab: {fileID: 100100000, guid: 338002975cc5a224781c9d80b5402800, type: 3}
--- !u!1001 &281316072
PrefabInstance:
  m_ObjectHideFlags: 0
  serializedVersion: 2
  m_Modification:
    m_TransformParent: {fileID: 423181629}
    m_Modifications:
    - target: {fileID: 3624550886420497130, guid: 782b16cbd91499843b6347357c0d8134, type: 3}
      propertyPath: m_RootOrder
      value: 2
      objectReference: {fileID: 0}
    - target: {fileID: 3624550886420497130, guid: 782b16cbd91499843b6347357c0d8134, type: 3}
      propertyPath: m_LocalPosition.x
      value: 0.1
      objectReference: {fileID: 0}
    - target: {fileID: 3624550886420497130, guid: 782b16cbd91499843b6347357c0d8134, type: 3}
      propertyPath: m_LocalPosition.y
      value: 3.06
      objectReference: {fileID: 0}
    - target: {fileID: 3624550886420497130, guid: 782b16cbd91499843b6347357c0d8134, type: 3}
      propertyPath: m_LocalPosition.z
      value: 0
      objectReference: {fileID: 0}
    - target: {fileID: 3624550886420497130, guid: 782b16cbd91499843b6347357c0d8134, type: 3}
      propertyPath: m_LocalRotation.w
      value: 1
      objectReference: {fileID: 0}
    - target: {fileID: 3624550886420497130, guid: 782b16cbd91499843b6347357c0d8134, type: 3}
      propertyPath: m_LocalRotation.x
      value: -0
      objectReference: {fileID: 0}
    - target: {fileID: 3624550886420497130, guid: 782b16cbd91499843b6347357c0d8134, type: 3}
      propertyPath: m_LocalRotation.y
      value: -0
      objectReference: {fileID: 0}
    - target: {fileID: 3624550886420497130, guid: 782b16cbd91499843b6347357c0d8134, type: 3}
      propertyPath: m_LocalRotation.z
      value: -0
      objectReference: {fileID: 0}
    - target: {fileID: 3624550886420497130, guid: 782b16cbd91499843b6347357c0d8134, type: 3}
      propertyPath: m_LocalEulerAnglesHint.x
      value: 0
      objectReference: {fileID: 0}
    - target: {fileID: 3624550886420497130, guid: 782b16cbd91499843b6347357c0d8134, type: 3}
      propertyPath: m_LocalEulerAnglesHint.y
      value: 0
      objectReference: {fileID: 0}
    - target: {fileID: 3624550886420497130, guid: 782b16cbd91499843b6347357c0d8134, type: 3}
      propertyPath: m_LocalEulerAnglesHint.z
      value: 0
      objectReference: {fileID: 0}
    - target: {fileID: 7655660084565213204, guid: 782b16cbd91499843b6347357c0d8134, type: 3}
      propertyPath: m_Name
      value: SingleTap
      objectReference: {fileID: 0}
    m_RemovedComponents: []
  m_SourcePrefab: {fileID: 100100000, guid: 782b16cbd91499843b6347357c0d8134, type: 3}
--- !u!224 &370168099 stripped
RectTransform:
  m_CorrespondingSourceObject: {fileID: 455675360071947987, guid: 63010326187a542489a8ace012a68888, type: 3}
  m_PrefabInstance: {fileID: 177773338}
  m_PrefabAsset: {fileID: 0}
--- !u!4 &397122845 stripped
Transform:
  m_CorrespondingSourceObject: {fileID: 3624550886420497130, guid: 782b16cbd91499843b6347357c0d8134, type: 3}
  m_PrefabInstance: {fileID: 1368247618}
  m_PrefabAsset: {fileID: 0}
--- !u!1001 &412845434
PrefabInstance:
  m_ObjectHideFlags: 0
  serializedVersion: 2
  m_Modification:
    m_TransformParent: {fileID: 423181629}
    m_Modifications:
    - target: {fileID: 3624550886420497130, guid: 782b16cbd91499843b6347357c0d8134, type: 3}
      propertyPath: m_RootOrder
      value: 8
      objectReference: {fileID: 0}
    - target: {fileID: 3624550886420497130, guid: 782b16cbd91499843b6347357c0d8134, type: 3}
      propertyPath: m_LocalPosition.x
      value: -1.21
      objectReference: {fileID: 0}
    - target: {fileID: 3624550886420497130, guid: 782b16cbd91499843b6347357c0d8134, type: 3}
      propertyPath: m_LocalPosition.y
      value: 1.94
      objectReference: {fileID: 0}
    - target: {fileID: 3624550886420497130, guid: 782b16cbd91499843b6347357c0d8134, type: 3}
      propertyPath: m_LocalPosition.z
      value: 0
      objectReference: {fileID: 0}
    - target: {fileID: 3624550886420497130, guid: 782b16cbd91499843b6347357c0d8134, type: 3}
      propertyPath: m_LocalRotation.w
      value: 1
      objectReference: {fileID: 0}
    - target: {fileID: 3624550886420497130, guid: 782b16cbd91499843b6347357c0d8134, type: 3}
      propertyPath: m_LocalRotation.x
      value: -0
      objectReference: {fileID: 0}
    - target: {fileID: 3624550886420497130, guid: 782b16cbd91499843b6347357c0d8134, type: 3}
      propertyPath: m_LocalRotation.y
      value: -0
      objectReference: {fileID: 0}
    - target: {fileID: 3624550886420497130, guid: 782b16cbd91499843b6347357c0d8134, type: 3}
      propertyPath: m_LocalRotation.z
      value: -0
      objectReference: {fileID: 0}
    - target: {fileID: 3624550886420497130, guid: 782b16cbd91499843b6347357c0d8134, type: 3}
      propertyPath: m_LocalEulerAnglesHint.x
      value: 0
      objectReference: {fileID: 0}
    - target: {fileID: 3624550886420497130, guid: 782b16cbd91499843b6347357c0d8134, type: 3}
      propertyPath: m_LocalEulerAnglesHint.y
      value: 0
      objectReference: {fileID: 0}
    - target: {fileID: 3624550886420497130, guid: 782b16cbd91499843b6347357c0d8134, type: 3}
      propertyPath: m_LocalEulerAnglesHint.z
      value: 0
      objectReference: {fileID: 0}
    - target: {fileID: 7655660084565213204, guid: 782b16cbd91499843b6347357c0d8134, type: 3}
      propertyPath: m_Name
      value: SingleTap (6)
      objectReference: {fileID: 0}
    - target: {fileID: 7655660084565213204, guid: 782b16cbd91499843b6347357c0d8134, type: 3}
      propertyPath: m_IsActive
      value: 0
      objectReference: {fileID: 0}
    m_RemovedComponents: []
  m_SourcePrefab: {fileID: 100100000, guid: 782b16cbd91499843b6347357c0d8134, type: 3}
--- !u!1 &423181627
GameObject:
  m_ObjectHideFlags: 0
  m_CorrespondingSourceObject: {fileID: 0}
  m_PrefabInstance: {fileID: 0}
  m_PrefabAsset: {fileID: 0}
  serializedVersion: 6
  m_Component:
  - component: {fileID: 423181629}
  - component: {fileID: 423181628}
  m_Layer: 0
  m_Name: Level
  m_TagString: Untagged
  m_Icon: {fileID: 0}
  m_NavMeshLayer: 0
  m_StaticEditorFlags: 0
  m_IsActive: 1
--- !u!114 &423181628
MonoBehaviour:
  m_ObjectHideFlags: 0
  m_CorrespondingSourceObject: {fileID: 0}
  m_PrefabInstance: {fileID: 0}
  m_PrefabAsset: {fileID: 0}
  m_GameObject: {fileID: 423181627}
  m_Enabled: 1
  m_EditorHideFlags: 0
  m_Script: {fileID: 11500000, guid: 0ff285d4b5cf28043844f9531513a789, type: 3}
  m_Name: 
  m_EditorClassIdentifier: 
  TimerView: {fileID: 164582444}
  LevelProgressView: {fileID: 177773341}
  CancelOverlayAnimator: {fileID: 2119366863}
  LevelTime: 22
--- !u!4 &423181629
Transform:
  m_ObjectHideFlags: 0
  m_CorrespondingSourceObject: {fileID: 0}
  m_PrefabInstance: {fileID: 0}
  m_PrefabAsset: {fileID: 0}
  m_GameObject: {fileID: 423181627}
  m_LocalRotation: {x: 0, y: 0, z: 0, w: 1}
  m_LocalPosition: {x: 0, y: 0, z: 0}
  m_LocalScale: {x: 1, y: 1, z: 1}
  m_Children:
  - {fileID: 1557564275}
  - {fileID: 868907115}
  - {fileID: 1294095689}
  - {fileID: 580568350}
  - {fileID: 114144141}
  - {fileID: 1650016438}
  - {fileID: 620040993}
  - {fileID: 1130366071}
  - {fileID: 741076313}
  - {fileID: 397122845}
  - {fileID: 1236230054}
  - {fileID: 1852725986}
  - {fileID: 1293794921}
  - {fileID: 1029989073}
  - {fileID: 586661479}
  - {fileID: 2008047948}
  m_Father: {fileID: 0}
  m_RootOrder: 3
  m_LocalEulerAnglesHint: {x: 0, y: 0, z: 0}
--- !u!1 &519420028
GameObject:
  m_ObjectHideFlags: 0
  m_CorrespondingSourceObject: {fileID: 0}
  m_PrefabInstance: {fileID: 0}
  m_PrefabAsset: {fileID: 0}
  serializedVersion: 6
  m_Component:
  - component: {fileID: 519420032}
  - component: {fileID: 519420031}
  - component: {fileID: 519420029}
  - component: {fileID: 519420030}
  m_Layer: 0
  m_Name: Main Camera
  m_TagString: MainCamera
  m_Icon: {fileID: 0}
  m_NavMeshLayer: 0
  m_StaticEditorFlags: 0
  m_IsActive: 1
--- !u!81 &519420029
AudioListener:
  m_ObjectHideFlags: 0
  m_CorrespondingSourceObject: {fileID: 0}
  m_PrefabInstance: {fileID: 0}
  m_PrefabAsset: {fileID: 0}
  m_GameObject: {fileID: 519420028}
  m_Enabled: 1
--- !u!114 &519420030
MonoBehaviour:
  m_ObjectHideFlags: 0
  m_CorrespondingSourceObject: {fileID: 0}
  m_PrefabInstance: {fileID: 0}
  m_PrefabAsset: {fileID: 0}
  m_GameObject: {fileID: 519420028}
  m_Enabled: 1
  m_EditorHideFlags: 0
  m_Script: {fileID: 11500000, guid: 662d3511fb673a04a8da00e82a334454, type: 3}
  m_Name: 
  m_EditorClassIdentifier: 
--- !u!20 &519420031
Camera:
  m_ObjectHideFlags: 0
  m_CorrespondingSourceObject: {fileID: 0}
  m_PrefabInstance: {fileID: 0}
  m_PrefabAsset: {fileID: 0}
  m_GameObject: {fileID: 519420028}
  m_Enabled: 1
  serializedVersion: 2
  m_ClearFlags: 2
  m_BackGroundColor: {r: 1, g: 1, b: 1, a: 0}
  m_projectionMatrixMode: 1
  m_GateFitMode: 2
  m_FOVAxisMode: 0
  m_SensorSize: {x: 36, y: 24}
  m_LensShift: {x: 0, y: 0}
  m_FocalLength: 50
  m_NormalizedViewPortRect:
    serializedVersion: 2
    x: 0
    y: 0
    width: 1
    height: 1
  near clip plane: 0.3
  far clip plane: 1000
  field of view: 60
  orthographic: 1
  orthographic size: 5
  m_Depth: -1
  m_CullingMask:
    serializedVersion: 2
    m_Bits: 4294967295
  m_RenderingPath: -1
  m_TargetTexture: {fileID: 0}
  m_TargetDisplay: 0
  m_TargetEye: 0
  m_HDR: 1
  m_AllowMSAA: 0
  m_AllowDynamicResolution: 0
  m_ForceIntoRT: 0
  m_OcclusionCulling: 0
  m_StereoConvergence: 10
  m_StereoSeparation: 0.022
--- !u!4 &519420032
Transform:
  m_ObjectHideFlags: 0
  m_CorrespondingSourceObject: {fileID: 0}
  m_PrefabInstance: {fileID: 0}
  m_PrefabAsset: {fileID: 0}
  m_GameObject: {fileID: 519420028}
  m_LocalRotation: {x: 0, y: 0, z: 0, w: 1}
  m_LocalPosition: {x: 0, y: 0, z: -10}
  m_LocalScale: {x: 1, y: 1, z: 1}
  m_Children: []
  m_Father: {fileID: 0}
  m_RootOrder: 0
  m_LocalEulerAnglesHint: {x: 0, y: 0, z: 0}
--- !u!1 &528977291
GameObject:
  m_ObjectHideFlags: 0
  m_CorrespondingSourceObject: {fileID: 0}
  m_PrefabInstance: {fileID: 0}
  m_PrefabAsset: {fileID: 0}
  serializedVersion: 6
  m_Component:
  - component: {fileID: 528977294}
  - component: {fileID: 528977293}
  - component: {fileID: 528977292}
  m_Layer: 0
  m_Name: EventSystem
  m_TagString: Untagged
  m_Icon: {fileID: 0}
  m_NavMeshLayer: 0
  m_StaticEditorFlags: 0
  m_IsActive: 1
--- !u!114 &528977292
MonoBehaviour:
  m_ObjectHideFlags: 0
  m_CorrespondingSourceObject: {fileID: 0}
  m_PrefabInstance: {fileID: 0}
  m_PrefabAsset: {fileID: 0}
  m_GameObject: {fileID: 528977291}
  m_Enabled: 1
  m_EditorHideFlags: 0
  m_Script: {fileID: 11500000, guid: 4f231c4fb786f3946a6b90b886c48677, type: 3}
  m_Name: 
  m_EditorClassIdentifier: 
  m_HorizontalAxis: Horizontal
  m_VerticalAxis: Vertical
  m_SubmitButton: Submit
  m_CancelButton: Cancel
  m_InputActionsPerSecond: 10
  m_RepeatDelay: 0.5
  m_ForceModuleActive: 0
--- !u!114 &528977293
MonoBehaviour:
  m_ObjectHideFlags: 0
  m_CorrespondingSourceObject: {fileID: 0}
  m_PrefabInstance: {fileID: 0}
  m_PrefabAsset: {fileID: 0}
  m_GameObject: {fileID: 528977291}
  m_Enabled: 1
  m_EditorHideFlags: 0
  m_Script: {fileID: 11500000, guid: 76c392e42b5098c458856cdf6ecaaaa1, type: 3}
  m_Name: 
  m_EditorClassIdentifier: 
  m_FirstSelected: {fileID: 0}
  m_sendNavigationEvents: 1
  m_DragThreshold: 10
--- !u!4 &528977294
Transform:
  m_ObjectHideFlags: 0
  m_CorrespondingSourceObject: {fileID: 0}
  m_PrefabInstance: {fileID: 0}
  m_PrefabAsset: {fileID: 0}
  m_GameObject: {fileID: 528977291}
  m_LocalRotation: {x: 0, y: 0, z: 0, w: 1}
  m_LocalPosition: {x: 0, y: 0, z: 0}
  m_LocalScale: {x: 1, y: 1, z: 1}
  m_Children: []
  m_Father: {fileID: 0}
  m_RootOrder: 5
  m_LocalEulerAnglesHint: {x: 0, y: 0, z: 0}
--- !u!4 &580568350 stripped
Transform:
  m_CorrespondingSourceObject: {fileID: 3624550886420497130, guid: 782b16cbd91499843b6347357c0d8134, type: 3}
  m_PrefabInstance: {fileID: 817948841}
  m_PrefabAsset: {fileID: 0}
--- !u!1001 &586661478
PrefabInstance:
  m_ObjectHideFlags: 0
  serializedVersion: 2
  m_Modification:
    m_TransformParent: {fileID: 423181629}
    m_Modifications:
    - target: {fileID: 1306416688, guid: d60736f0700021f4fb9d32e1642a7a20, type: 3}
      propertyPath: m_Camera
      value: 
      objectReference: {fileID: 519420031}
    - target: {fileID: 3624550886420497130, guid: d60736f0700021f4fb9d32e1642a7a20, type: 3}
      propertyPath: m_RootOrder
      value: 14
      objectReference: {fileID: 0}
    - target: {fileID: 3624550886420497130, guid: d60736f0700021f4fb9d32e1642a7a20, type: 3}
      propertyPath: m_LocalPosition.x
      value: -1.047
      objectReference: {fileID: 0}
    - target: {fileID: 3624550886420497130, guid: d60736f0700021f4fb9d32e1642a7a20, type: 3}
      propertyPath: m_LocalPosition.y
      value: -3.478
      objectReference: {fileID: 0}
    - target: {fileID: 3624550886420497130, guid: d60736f0700021f4fb9d32e1642a7a20, type: 3}
      propertyPath: m_LocalPosition.z
      value: 0
      objectReference: {fileID: 0}
    - target: {fileID: 3624550886420497130, guid: d60736f0700021f4fb9d32e1642a7a20, type: 3}
      propertyPath: m_LocalRotation.w
      value: 1
      objectReference: {fileID: 0}
    - target: {fileID: 3624550886420497130, guid: d60736f0700021f4fb9d32e1642a7a20, type: 3}
      propertyPath: m_LocalRotation.x
      value: 0
      objectReference: {fileID: 0}
    - target: {fileID: 3624550886420497130, guid: d60736f0700021f4fb9d32e1642a7a20, type: 3}
      propertyPath: m_LocalRotation.y
      value: 0
      objectReference: {fileID: 0}
    - target: {fileID: 3624550886420497130, guid: d60736f0700021f4fb9d32e1642a7a20, type: 3}
      propertyPath: m_LocalRotation.z
      value: 0
      objectReference: {fileID: 0}
    - target: {fileID: 3624550886420497130, guid: d60736f0700021f4fb9d32e1642a7a20, type: 3}
      propertyPath: m_LocalEulerAnglesHint.x
      value: 0
      objectReference: {fileID: 0}
    - target: {fileID: 3624550886420497130, guid: d60736f0700021f4fb9d32e1642a7a20, type: 3}
      propertyPath: m_LocalEulerAnglesHint.y
      value: 0
      objectReference: {fileID: 0}
    - target: {fileID: 3624550886420497130, guid: d60736f0700021f4fb9d32e1642a7a20, type: 3}
      propertyPath: m_LocalEulerAnglesHint.z
      value: 0
      objectReference: {fileID: 0}
    - target: {fileID: 7655660084565213204, guid: d60736f0700021f4fb9d32e1642a7a20, type: 3}
      propertyPath: m_Name
      value: TrippleTap (3)
      objectReference: {fileID: 0}
    m_RemovedComponents: []
  m_SourcePrefab: {fileID: 100100000, guid: d60736f0700021f4fb9d32e1642a7a20, type: 3}
--- !u!4 &586661479 stripped
Transform:
  m_CorrespondingSourceObject: {fileID: 3624550886420497130, guid: d60736f0700021f4fb9d32e1642a7a20, type: 3}
  m_PrefabInstance: {fileID: 586661478}
  m_PrefabAsset: {fileID: 0}
--- !u!1001 &597786195
PrefabInstance:
  m_ObjectHideFlags: 0
  serializedVersion: 2
  m_Modification:
    m_TransformParent: {fileID: 423181629}
    m_Modifications:
    - target: {fileID: 1306416688, guid: d60736f0700021f4fb9d32e1642a7a20, type: 3}
      propertyPath: m_Camera
      value: 
      objectReference: {fileID: 519420031}
    - target: {fileID: 3624550886420497130, guid: d60736f0700021f4fb9d32e1642a7a20, type: 3}
      propertyPath: m_RootOrder
      value: 6
      objectReference: {fileID: 0}
    - target: {fileID: 3624550886420497130, guid: d60736f0700021f4fb9d32e1642a7a20, type: 3}
      propertyPath: m_LocalPosition.x
      value: 1.48
      objectReference: {fileID: 0}
    - target: {fileID: 3624550886420497130, guid: d60736f0700021f4fb9d32e1642a7a20, type: 3}
      propertyPath: m_LocalPosition.y
      value: -3.478
      objectReference: {fileID: 0}
    - target: {fileID: 3624550886420497130, guid: d60736f0700021f4fb9d32e1642a7a20, type: 3}
      propertyPath: m_LocalPosition.z
      value: 0
      objectReference: {fileID: 0}
    - target: {fileID: 3624550886420497130, guid: d60736f0700021f4fb9d32e1642a7a20, type: 3}
      propertyPath: m_LocalRotation.w
      value: 1
      objectReference: {fileID: 0}
    - target: {fileID: 3624550886420497130, guid: d60736f0700021f4fb9d32e1642a7a20, type: 3}
      propertyPath: m_LocalRotation.x
      value: 0
      objectReference: {fileID: 0}
    - target: {fileID: 3624550886420497130, guid: d60736f0700021f4fb9d32e1642a7a20, type: 3}
      propertyPath: m_LocalRotation.y
      value: 0
      objectReference: {fileID: 0}
    - target: {fileID: 3624550886420497130, guid: d60736f0700021f4fb9d32e1642a7a20, type: 3}
      propertyPath: m_LocalRotation.z
      value: 0
      objectReference: {fileID: 0}
    - target: {fileID: 3624550886420497130, guid: d60736f0700021f4fb9d32e1642a7a20, type: 3}
      propertyPath: m_LocalEulerAnglesHint.x
      value: 0
      objectReference: {fileID: 0}
    - target: {fileID: 3624550886420497130, guid: d60736f0700021f4fb9d32e1642a7a20, type: 3}
      propertyPath: m_LocalEulerAnglesHint.y
      value: 0
      objectReference: {fileID: 0}
    - target: {fileID: 3624550886420497130, guid: d60736f0700021f4fb9d32e1642a7a20, type: 3}
      propertyPath: m_LocalEulerAnglesHint.z
      value: 0
      objectReference: {fileID: 0}
    - target: {fileID: 7655660084565213204, guid: d60736f0700021f4fb9d32e1642a7a20, type: 3}
      propertyPath: m_Name
      value: TrippleTap (4)
      objectReference: {fileID: 0}
    - target: {fileID: 7655660084565213204, guid: d60736f0700021f4fb9d32e1642a7a20, type: 3}
      propertyPath: m_IsActive
      value: 0
      objectReference: {fileID: 0}
    m_RemovedComponents: []
  m_SourcePrefab: {fileID: 100100000, guid: d60736f0700021f4fb9d32e1642a7a20, type: 3}
--- !u!1001 &617108563
PrefabInstance:
  m_ObjectHideFlags: 0
  serializedVersion: 2
  m_Modification:
    m_TransformParent: {fileID: 423181629}
    m_Modifications:
    - target: {fileID: 431793170, guid: 338002975cc5a224781c9d80b5402800, type: 3}
      propertyPath: m_Camera
      value: 
      objectReference: {fileID: 519420031}
    - target: {fileID: 985810567, guid: 338002975cc5a224781c9d80b5402800, type: 3}
      propertyPath: m_Controller
      value: 
      objectReference: {fileID: 9100000, guid: cc87154926ce6427c86089f142709208, type: 2}
    - target: {fileID: 1516827870, guid: 338002975cc5a224781c9d80b5402800, type: 3}
      propertyPath: m_Controller
      value: 
      objectReference: {fileID: 9100000, guid: cc87154926ce6427c86089f142709208, type: 2}
    - target: {fileID: 1879092191, guid: 338002975cc5a224781c9d80b5402800, type: 3}
      propertyPath: m_Camera
      value: 
      objectReference: {fileID: 519420031}
    - target: {fileID: 1993541768, guid: 338002975cc5a224781c9d80b5402800, type: 3}
      propertyPath: m_Camera
      value: 
      objectReference: {fileID: 519420031}
    - target: {fileID: 2072096924, guid: 338002975cc5a224781c9d80b5402800, type: 3}
      propertyPath: m_Controller
      value: 
      objectReference: {fileID: 9100000, guid: cc87154926ce6427c86089f142709208, type: 2}
    - target: {fileID: 1574882216775932699, guid: 338002975cc5a224781c9d80b5402800, type: 3}
      propertyPath: m_RootOrder
      value: 15
      objectReference: {fileID: 0}
    - target: {fileID: 1574882216775932699, guid: 338002975cc5a224781c9d80b5402800, type: 3}
      propertyPath: m_LocalPosition.x
      value: -0.89
      objectReference: {fileID: 0}
    - target: {fileID: 1574882216775932699, guid: 338002975cc5a224781c9d80b5402800, type: 3}
      propertyPath: m_LocalPosition.y
      value: 3.52
      objectReference: {fileID: 0}
    - target: {fileID: 1574882216775932699, guid: 338002975cc5a224781c9d80b5402800, type: 3}
      propertyPath: m_LocalPosition.z
      value: 0.85429204
      objectReference: {fileID: 0}
    - target: {fileID: 1574882216775932699, guid: 338002975cc5a224781c9d80b5402800, type: 3}
      propertyPath: m_LocalRotation.w
      value: 1
      objectReference: {fileID: 0}
    - target: {fileID: 1574882216775932699, guid: 338002975cc5a224781c9d80b5402800, type: 3}
      propertyPath: m_LocalRotation.x
      value: 0
      objectReference: {fileID: 0}
    - target: {fileID: 1574882216775932699, guid: 338002975cc5a224781c9d80b5402800, type: 3}
      propertyPath: m_LocalRotation.y
      value: 0
      objectReference: {fileID: 0}
    - target: {fileID: 1574882216775932699, guid: 338002975cc5a224781c9d80b5402800, type: 3}
      propertyPath: m_LocalRotation.z
      value: 0
      objectReference: {fileID: 0}
    - target: {fileID: 1574882216775932699, guid: 338002975cc5a224781c9d80b5402800, type: 3}
      propertyPath: m_LocalEulerAnglesHint.x
      value: 0
      objectReference: {fileID: 0}
    - target: {fileID: 1574882216775932699, guid: 338002975cc5a224781c9d80b5402800, type: 3}
      propertyPath: m_LocalEulerAnglesHint.y
      value: 0
      objectReference: {fileID: 0}
    - target: {fileID: 1574882216775932699, guid: 338002975cc5a224781c9d80b5402800, type: 3}
      propertyPath: m_LocalEulerAnglesHint.z
      value: 0
      objectReference: {fileID: 0}
    - target: {fileID: 1843414780688726360, guid: 338002975cc5a224781c9d80b5402800, type: 3}
      propertyPath: m_Controller
      value: 
      objectReference: {fileID: 9100000, guid: cc87154926ce6427c86089f142709208, type: 2}
    - target: {fileID: 2242005912958436179, guid: 338002975cc5a224781c9d80b5402800, type: 3}
      propertyPath: m_Camera
      value: 
      objectReference: {fileID: 519420031}
    - target: {fileID: 4496565379206701603, guid: 338002975cc5a224781c9d80b5402800, type: 3}
      propertyPath: m_Camera
      value: 
      objectReference: {fileID: 519420031}
    - target: {fileID: 5446579298493882911, guid: 338002975cc5a224781c9d80b5402800, type: 3}
      propertyPath: m_Camera
      value: 
      objectReference: {fileID: 519420031}
    - target: {fileID: 5596206953296304613, guid: 338002975cc5a224781c9d80b5402800, type: 3}
      propertyPath: m_Name
      value: MultiLink (1)
      objectReference: {fileID: 0}
    - target: {fileID: 5748852222528636923, guid: 338002975cc5a224781c9d80b5402800, type: 3}
      propertyPath: m_Controller
      value: 
      objectReference: {fileID: 9100000, guid: cc87154926ce6427c86089f142709208, type: 2}
    - target: {fileID: 5883356538412571605, guid: 338002975cc5a224781c9d80b5402800, type: 3}
      propertyPath: m_Controller
      value: 
      objectReference: {fileID: 9100000, guid: cc87154926ce6427c86089f142709208, type: 2}
    - target: {fileID: 7514956334292593868, guid: 338002975cc5a224781c9d80b5402800, type: 3}
      propertyPath: m_Camera
      value: 
      objectReference: {fileID: 519420031}
    - target: {fileID: 8679386927803823609, guid: 338002975cc5a224781c9d80b5402800, type: 3}
      propertyPath: m_Controller
      value: 
      objectReference: {fileID: 9100000, guid: cc87154926ce6427c86089f142709208, type: 2}
    m_RemovedComponents: []
  m_SourcePrefab: {fileID: 100100000, guid: 338002975cc5a224781c9d80b5402800, type: 3}
--- !u!4 &620040993 stripped
Transform:
  m_CorrespondingSourceObject: {fileID: 3624550886420497130, guid: d60736f0700021f4fb9d32e1642a7a20, type: 3}
  m_PrefabInstance: {fileID: 597786195}
  m_PrefabAsset: {fileID: 0}
--- !u!1001 &638809911
PrefabInstance:
  m_ObjectHideFlags: 0
  serializedVersion: 2
  m_Modification:
    m_TransformParent: {fileID: 249638930}
    m_Modifications:
    - target: {fileID: 1503156390085655511, guid: b3710e5b80b3eac4a8ed5c897259292e, type: 3}
      propertyPath: m_OnClick.m_PersistentCalls.m_Calls.Array.data[0].m_Target
      value: 
      objectReference: {fileID: 423181628}
    - target: {fileID: 5759390714792003366, guid: b3710e5b80b3eac4a8ed5c897259292e, type: 3}
      propertyPath: m_OnClick.m_PersistentCalls.m_Calls.Array.data[0].m_Target
      value: 
      objectReference: {fileID: 423181628}
    - target: {fileID: 5759390716053742277, guid: b3710e5b80b3eac4a8ed5c897259292e, type: 3}
      propertyPath: m_Pivot.x
      value: 0.5
      objectReference: {fileID: 0}
    - target: {fileID: 5759390716053742277, guid: b3710e5b80b3eac4a8ed5c897259292e, type: 3}
      propertyPath: m_Pivot.y
      value: 0.5
      objectReference: {fileID: 0}
    - target: {fileID: 5759390716053742277, guid: b3710e5b80b3eac4a8ed5c897259292e, type: 3}
      propertyPath: m_RootOrder
      value: 2
      objectReference: {fileID: 0}
    - target: {fileID: 5759390716053742277, guid: b3710e5b80b3eac4a8ed5c897259292e, type: 3}
      propertyPath: m_AnchorMax.x
      value: 1
      objectReference: {fileID: 0}
    - target: {fileID: 5759390716053742277, guid: b3710e5b80b3eac4a8ed5c897259292e, type: 3}
      propertyPath: m_AnchorMax.y
      value: 1
      objectReference: {fileID: 0}
    - target: {fileID: 5759390716053742277, guid: b3710e5b80b3eac4a8ed5c897259292e, type: 3}
      propertyPath: m_AnchorMin.x
      value: 0
      objectReference: {fileID: 0}
    - target: {fileID: 5759390716053742277, guid: b3710e5b80b3eac4a8ed5c897259292e, type: 3}
      propertyPath: m_AnchorMin.y
      value: 0
      objectReference: {fileID: 0}
    - target: {fileID: 5759390716053742277, guid: b3710e5b80b3eac4a8ed5c897259292e, type: 3}
      propertyPath: m_SizeDelta.x
      value: 0
      objectReference: {fileID: 0}
    - target: {fileID: 5759390716053742277, guid: b3710e5b80b3eac4a8ed5c897259292e, type: 3}
      propertyPath: m_SizeDelta.y
      value: 0.000061035
      objectReference: {fileID: 0}
    - target: {fileID: 5759390716053742277, guid: b3710e5b80b3eac4a8ed5c897259292e, type: 3}
      propertyPath: m_LocalPosition.x
      value: 0
      objectReference: {fileID: 0}
    - target: {fileID: 5759390716053742277, guid: b3710e5b80b3eac4a8ed5c897259292e, type: 3}
      propertyPath: m_LocalPosition.y
      value: 0
      objectReference: {fileID: 0}
    - target: {fileID: 5759390716053742277, guid: b3710e5b80b3eac4a8ed5c897259292e, type: 3}
      propertyPath: m_LocalPosition.z
      value: 0
      objectReference: {fileID: 0}
    - target: {fileID: 5759390716053742277, guid: b3710e5b80b3eac4a8ed5c897259292e, type: 3}
      propertyPath: m_LocalRotation.w
      value: 1
      objectReference: {fileID: 0}
    - target: {fileID: 5759390716053742277, guid: b3710e5b80b3eac4a8ed5c897259292e, type: 3}
      propertyPath: m_LocalRotation.x
      value: 0
      objectReference: {fileID: 0}
    - target: {fileID: 5759390716053742277, guid: b3710e5b80b3eac4a8ed5c897259292e, type: 3}
      propertyPath: m_LocalRotation.y
      value: 0
      objectReference: {fileID: 0}
    - target: {fileID: 5759390716053742277, guid: b3710e5b80b3eac4a8ed5c897259292e, type: 3}
      propertyPath: m_LocalRotation.z
      value: 0
      objectReference: {fileID: 0}
    - target: {fileID: 5759390716053742277, guid: b3710e5b80b3eac4a8ed5c897259292e, type: 3}
      propertyPath: m_AnchoredPosition.x
      value: 0
      objectReference: {fileID: 0}
    - target: {fileID: 5759390716053742277, guid: b3710e5b80b3eac4a8ed5c897259292e, type: 3}
      propertyPath: m_AnchoredPosition.y
      value: 0
      objectReference: {fileID: 0}
    - target: {fileID: 5759390716053742277, guid: b3710e5b80b3eac4a8ed5c897259292e, type: 3}
      propertyPath: m_LocalEulerAnglesHint.x
      value: 0
      objectReference: {fileID: 0}
    - target: {fileID: 5759390716053742277, guid: b3710e5b80b3eac4a8ed5c897259292e, type: 3}
      propertyPath: m_LocalEulerAnglesHint.y
      value: 0
      objectReference: {fileID: 0}
    - target: {fileID: 5759390716053742277, guid: b3710e5b80b3eac4a8ed5c897259292e, type: 3}
      propertyPath: m_LocalEulerAnglesHint.z
      value: 0
      objectReference: {fileID: 0}
    - target: {fileID: 5759390716053742282, guid: b3710e5b80b3eac4a8ed5c897259292e, type: 3}
      propertyPath: m_Name
      value: ScoreScreen
      objectReference: {fileID: 0}
    - target: {fileID: 5759390716053742282, guid: b3710e5b80b3eac4a8ed5c897259292e, type: 3}
      propertyPath: m_IsActive
      value: 0
      objectReference: {fileID: 0}
    - target: {fileID: 8455842714171954112, guid: b3710e5b80b3eac4a8ed5c897259292e, type: 3}
      propertyPath: m_AnchoredPosition.x
      value: 0.00390625
      objectReference: {fileID: 0}
    - target: {fileID: 8455842714171954112, guid: b3710e5b80b3eac4a8ed5c897259292e, type: 3}
      propertyPath: m_AnchoredPosition.y
      value: 12.371094
      objectReference: {fileID: 0}
    m_RemovedComponents: []
  m_SourcePrefab: {fileID: 100100000, guid: b3710e5b80b3eac4a8ed5c897259292e, type: 3}
--- !u!224 &638809912 stripped
RectTransform:
  m_CorrespondingSourceObject: {fileID: 5759390716053742277, guid: b3710e5b80b3eac4a8ed5c897259292e, type: 3}
  m_PrefabInstance: {fileID: 638809911}
  m_PrefabAsset: {fileID: 0}
--- !u!114 &638809913 stripped
MonoBehaviour:
  m_CorrespondingSourceObject: {fileID: 5759390716053742276, guid: b3710e5b80b3eac4a8ed5c897259292e, type: 3}
  m_PrefabInstance: {fileID: 638809911}
  m_PrefabAsset: {fileID: 0}
  m_GameObject: {fileID: 0}
  m_Enabled: 1
  m_EditorHideFlags: 0
  m_Script: {fileID: 11500000, guid: e7ea278171171d64cbae2afb9a61253f, type: 3}
  m_Name: 
  m_EditorClassIdentifier: 
--- !u!4 &741076313 stripped
Transform:
  m_CorrespondingSourceObject: {fileID: 3624550886420497130, guid: 782b16cbd91499843b6347357c0d8134, type: 3}
  m_PrefabInstance: {fileID: 412845434}
  m_PrefabAsset: {fileID: 0}
--- !u!1001 &817948841
PrefabInstance:
  m_ObjectHideFlags: 0
  serializedVersion: 2
  m_Modification:
    m_TransformParent: {fileID: 423181629}
    m_Modifications:
    - target: {fileID: 3624550886420497130, guid: 782b16cbd91499843b6347357c0d8134, type: 3}
      propertyPath: m_RootOrder
      value: 3
      objectReference: {fileID: 0}
    - target: {fileID: 3624550886420497130, guid: 782b16cbd91499843b6347357c0d8134, type: 3}
      propertyPath: m_LocalPosition.x
      value: 0.1
      objectReference: {fileID: 0}
    - target: {fileID: 3624550886420497130, guid: 782b16cbd91499843b6347357c0d8134, type: 3}
      propertyPath: m_LocalPosition.y
      value: 2
      objectReference: {fileID: 0}
    - target: {fileID: 3624550886420497130, guid: 782b16cbd91499843b6347357c0d8134, type: 3}
      propertyPath: m_LocalPosition.z
      value: 0
      objectReference: {fileID: 0}
    - target: {fileID: 3624550886420497130, guid: 782b16cbd91499843b6347357c0d8134, type: 3}
      propertyPath: m_LocalRotation.w
      value: 1
      objectReference: {fileID: 0}
    - target: {fileID: 3624550886420497130, guid: 782b16cbd91499843b6347357c0d8134, type: 3}
      propertyPath: m_LocalRotation.x
      value: -0
      objectReference: {fileID: 0}
    - target: {fileID: 3624550886420497130, guid: 782b16cbd91499843b6347357c0d8134, type: 3}
      propertyPath: m_LocalRotation.y
      value: -0
      objectReference: {fileID: 0}
    - target: {fileID: 3624550886420497130, guid: 782b16cbd91499843b6347357c0d8134, type: 3}
      propertyPath: m_LocalRotation.z
      value: -0
      objectReference: {fileID: 0}
    - target: {fileID: 3624550886420497130, guid: 782b16cbd91499843b6347357c0d8134, type: 3}
      propertyPath: m_LocalEulerAnglesHint.x
      value: 0
      objectReference: {fileID: 0}
    - target: {fileID: 3624550886420497130, guid: 782b16cbd91499843b6347357c0d8134, type: 3}
      propertyPath: m_LocalEulerAnglesHint.y
      value: 0
      objectReference: {fileID: 0}
    - target: {fileID: 3624550886420497130, guid: 782b16cbd91499843b6347357c0d8134, type: 3}
      propertyPath: m_LocalEulerAnglesHint.z
      value: 0
      objectReference: {fileID: 0}
    - target: {fileID: 7655660084565213204, guid: 782b16cbd91499843b6347357c0d8134, type: 3}
      propertyPath: m_Name
      value: SingleTap (1)
      objectReference: {fileID: 0}
    - target: {fileID: 7655660084565213204, guid: 782b16cbd91499843b6347357c0d8134, type: 3}
      propertyPath: m_IsActive
      value: 0
      objectReference: {fileID: 0}
    m_RemovedComponents: []
  m_SourcePrefab: {fileID: 100100000, guid: 782b16cbd91499843b6347357c0d8134, type: 3}
--- !u!4 &868907115 stripped
Transform:
  m_CorrespondingSourceObject: {fileID: 3624550886420497130, guid: d60736f0700021f4fb9d32e1642a7a20, type: 3}
  m_PrefabInstance: {fileID: 2036174231}
  m_PrefabAsset: {fileID: 0}
--- !u!1001 &919348671
PrefabInstance:
  m_ObjectHideFlags: 0
  serializedVersion: 2
  m_Modification:
    m_TransformParent: {fileID: 423181629}
    m_Modifications:
    - target: {fileID: 1306416688, guid: d60736f0700021f4fb9d32e1642a7a20, type: 3}
      propertyPath: m_Camera
      value: 
      objectReference: {fileID: 519420031}
    - target: {fileID: 3624550886420497130, guid: d60736f0700021f4fb9d32e1642a7a20, type: 3}
      propertyPath: m_RootOrder
      value: 10
      objectReference: {fileID: 0}
    - target: {fileID: 3624550886420497130, guid: d60736f0700021f4fb9d32e1642a7a20, type: 3}
      propertyPath: m_LocalPosition.x
      value: 0.277
      objectReference: {fileID: 0}
    - target: {fileID: 3624550886420497130, guid: d60736f0700021f4fb9d32e1642a7a20, type: 3}
      propertyPath: m_LocalPosition.y
      value: -3.478
      objectReference: {fileID: 0}
    - target: {fileID: 3624550886420497130, guid: d60736f0700021f4fb9d32e1642a7a20, type: 3}
      propertyPath: m_LocalPosition.z
      value: 0
      objectReference: {fileID: 0}
    - target: {fileID: 3624550886420497130, guid: d60736f0700021f4fb9d32e1642a7a20, type: 3}
      propertyPath: m_LocalRotation.w
      value: 1
      objectReference: {fileID: 0}
    - target: {fileID: 3624550886420497130, guid: d60736f0700021f4fb9d32e1642a7a20, type: 3}
      propertyPath: m_LocalRotation.x
      value: 0
      objectReference: {fileID: 0}
    - target: {fileID: 3624550886420497130, guid: d60736f0700021f4fb9d32e1642a7a20, type: 3}
      propertyPath: m_LocalRotation.y
      value: 0
      objectReference: {fileID: 0}
    - target: {fileID: 3624550886420497130, guid: d60736f0700021f4fb9d32e1642a7a20, type: 3}
      propertyPath: m_LocalRotation.z
      value: 0
      objectReference: {fileID: 0}
    - target: {fileID: 3624550886420497130, guid: d60736f0700021f4fb9d32e1642a7a20, type: 3}
      propertyPath: m_LocalEulerAnglesHint.x
      value: 0
      objectReference: {fileID: 0}
    - target: {fileID: 3624550886420497130, guid: d60736f0700021f4fb9d32e1642a7a20, type: 3}
      propertyPath: m_LocalEulerAnglesHint.y
      value: 0
      objectReference: {fileID: 0}
    - target: {fileID: 3624550886420497130, guid: d60736f0700021f4fb9d32e1642a7a20, type: 3}
      propertyPath: m_LocalEulerAnglesHint.z
      value: 0
      objectReference: {fileID: 0}
    - target: {fileID: 7655660084565213204, guid: d60736f0700021f4fb9d32e1642a7a20, type: 3}
      propertyPath: m_Name
      value: TrippleTap (5)
      objectReference: {fileID: 0}
    - target: {fileID: 7655660084565213204, guid: d60736f0700021f4fb9d32e1642a7a20, type: 3}
      propertyPath: m_IsActive
      value: 0
      objectReference: {fileID: 0}
    m_RemovedComponents: []
  m_SourcePrefab: {fileID: 100100000, guid: d60736f0700021f4fb9d32e1642a7a20, type: 3}
--- !u!1001 &969177242
PrefabInstance:
  m_ObjectHideFlags: 0
  serializedVersion: 2
  m_Modification:
    m_TransformParent: {fileID: 423181629}
    m_Modifications:
    - target: {fileID: 1306416688, guid: d60736f0700021f4fb9d32e1642a7a20, type: 3}
      propertyPath: m_Camera
      value: 
      objectReference: {fileID: 519420031}
    - target: {fileID: 1396909666211751026, guid: d60736f0700021f4fb9d32e1642a7a20, type: 3}
      propertyPath: m_Enabled
      value: 1
      objectReference: {fileID: 0}
    - target: {fileID: 3624550886420497130, guid: d60736f0700021f4fb9d32e1642a7a20, type: 3}
      propertyPath: m_RootOrder
      value: 0
      objectReference: {fileID: 0}
    - target: {fileID: 3624550886420497130, guid: d60736f0700021f4fb9d32e1642a7a20, type: 3}
      propertyPath: m_LocalPosition.x
      value: 0
      objectReference: {fileID: 0}
    - target: {fileID: 3624550886420497130, guid: d60736f0700021f4fb9d32e1642a7a20, type: 3}
      propertyPath: m_LocalPosition.y
      value: 0
      objectReference: {fileID: 0}
    - target: {fileID: 3624550886420497130, guid: d60736f0700021f4fb9d32e1642a7a20, type: 3}
      propertyPath: m_LocalPosition.z
      value: 0
      objectReference: {fileID: 0}
    - target: {fileID: 3624550886420497130, guid: d60736f0700021f4fb9d32e1642a7a20, type: 3}
      propertyPath: m_LocalRotation.w
      value: 1
      objectReference: {fileID: 0}
    - target: {fileID: 3624550886420497130, guid: d60736f0700021f4fb9d32e1642a7a20, type: 3}
      propertyPath: m_LocalRotation.x
      value: 0
      objectReference: {fileID: 0}
    - target: {fileID: 3624550886420497130, guid: d60736f0700021f4fb9d32e1642a7a20, type: 3}
      propertyPath: m_LocalRotation.y
      value: 0
      objectReference: {fileID: 0}
    - target: {fileID: 3624550886420497130, guid: d60736f0700021f4fb9d32e1642a7a20, type: 3}
      propertyPath: m_LocalRotation.z
      value: 0
      objectReference: {fileID: 0}
    - target: {fileID: 3624550886420497130, guid: d60736f0700021f4fb9d32e1642a7a20, type: 3}
      propertyPath: m_LocalEulerAnglesHint.x
      value: 0
      objectReference: {fileID: 0}
    - target: {fileID: 3624550886420497130, guid: d60736f0700021f4fb9d32e1642a7a20, type: 3}
      propertyPath: m_LocalEulerAnglesHint.y
      value: 0
      objectReference: {fileID: 0}
    - target: {fileID: 3624550886420497130, guid: d60736f0700021f4fb9d32e1642a7a20, type: 3}
      propertyPath: m_LocalEulerAnglesHint.z
      value: 0
      objectReference: {fileID: 0}
    - target: {fileID: 7655660084565213204, guid: d60736f0700021f4fb9d32e1642a7a20, type: 3}
      propertyPath: m_Name
      value: TrippleTap
      objectReference: {fileID: 0}
    - target: {fileID: 7655660084565213204, guid: d60736f0700021f4fb9d32e1642a7a20, type: 3}
      propertyPath: m_IsActive
      value: 0
      objectReference: {fileID: 0}
    m_RemovedComponents: []
  m_SourcePrefab: {fileID: 100100000, guid: d60736f0700021f4fb9d32e1642a7a20, type: 3}
--- !u!1001 &1029989072
PrefabInstance:
  m_ObjectHideFlags: 0
  serializedVersion: 2
  m_Modification:
    m_TransformParent: {fileID: 423181629}
    m_Modifications:
    - target: {fileID: 1306416688, guid: d60736f0700021f4fb9d32e1642a7a20, type: 3}
      propertyPath: m_Camera
      value: 
      objectReference: {fileID: 519420031}
    - target: {fileID: 3624550886420497130, guid: d60736f0700021f4fb9d32e1642a7a20, type: 3}
      propertyPath: m_RootOrder
      value: 13
      objectReference: {fileID: 0}
    - target: {fileID: 3624550886420497130, guid: d60736f0700021f4fb9d32e1642a7a20, type: 3}
      propertyPath: m_LocalPosition.x
      value: 0.277
      objectReference: {fileID: 0}
    - target: {fileID: 3624550886420497130, guid: d60736f0700021f4fb9d32e1642a7a20, type: 3}
      propertyPath: m_LocalPosition.y
      value: -3.478
      objectReference: {fileID: 0}
    - target: {fileID: 3624550886420497130, guid: d60736f0700021f4fb9d32e1642a7a20, type: 3}
      propertyPath: m_LocalPosition.z
      value: 0
      objectReference: {fileID: 0}
    - target: {fileID: 3624550886420497130, guid: d60736f0700021f4fb9d32e1642a7a20, type: 3}
      propertyPath: m_LocalRotation.w
      value: 1
      objectReference: {fileID: 0}
    - target: {fileID: 3624550886420497130, guid: d60736f0700021f4fb9d32e1642a7a20, type: 3}
      propertyPath: m_LocalRotation.x
      value: 0
      objectReference: {fileID: 0}
    - target: {fileID: 3624550886420497130, guid: d60736f0700021f4fb9d32e1642a7a20, type: 3}
      propertyPath: m_LocalRotation.y
      value: 0
      objectReference: {fileID: 0}
    - target: {fileID: 3624550886420497130, guid: d60736f0700021f4fb9d32e1642a7a20, type: 3}
      propertyPath: m_LocalRotation.z
      value: 0
      objectReference: {fileID: 0}
    - target: {fileID: 3624550886420497130, guid: d60736f0700021f4fb9d32e1642a7a20, type: 3}
      propertyPath: m_LocalEulerAnglesHint.x
      value: 0
      objectReference: {fileID: 0}
    - target: {fileID: 3624550886420497130, guid: d60736f0700021f4fb9d32e1642a7a20, type: 3}
      propertyPath: m_LocalEulerAnglesHint.y
      value: 0
      objectReference: {fileID: 0}
    - target: {fileID: 3624550886420497130, guid: d60736f0700021f4fb9d32e1642a7a20, type: 3}
      propertyPath: m_LocalEulerAnglesHint.z
      value: 0
      objectReference: {fileID: 0}
    - target: {fileID: 7655660084565213204, guid: d60736f0700021f4fb9d32e1642a7a20, type: 3}
      propertyPath: m_Name
      value: TrippleTap (2)
      objectReference: {fileID: 0}
    - target: {fileID: 7655660084565213204, guid: d60736f0700021f4fb9d32e1642a7a20, type: 3}
      propertyPath: m_IsActive
      value: 0
      objectReference: {fileID: 0}
    m_RemovedComponents: []
  m_SourcePrefab: {fileID: 100100000, guid: d60736f0700021f4fb9d32e1642a7a20, type: 3}
--- !u!4 &1029989073 stripped
Transform:
  m_CorrespondingSourceObject: {fileID: 3624550886420497130, guid: d60736f0700021f4fb9d32e1642a7a20, type: 3}
  m_PrefabInstance: {fileID: 1029989072}
  m_PrefabAsset: {fileID: 0}
--- !u!1001 &1041959062
PrefabInstance:
  m_ObjectHideFlags: 0
  serializedVersion: 2
  m_Modification:
    m_TransformParent: {fileID: 423181629}
    m_Modifications:
    - target: {fileID: 3624550886420497130, guid: 782b16cbd91499843b6347357c0d8134, type: 3}
      propertyPath: m_RootOrder
      value: 4
      objectReference: {fileID: 0}
    - target: {fileID: 3624550886420497130, guid: 782b16cbd91499843b6347357c0d8134, type: 3}
      propertyPath: m_LocalPosition.x
      value: 0.1
      objectReference: {fileID: 0}
    - target: {fileID: 3624550886420497130, guid: 782b16cbd91499843b6347357c0d8134, type: 3}
      propertyPath: m_LocalPosition.y
      value: 0.84
      objectReference: {fileID: 0}
    - target: {fileID: 3624550886420497130, guid: 782b16cbd91499843b6347357c0d8134, type: 3}
      propertyPath: m_LocalPosition.z
      value: 0
      objectReference: {fileID: 0}
    - target: {fileID: 3624550886420497130, guid: 782b16cbd91499843b6347357c0d8134, type: 3}
      propertyPath: m_LocalRotation.w
      value: 1
      objectReference: {fileID: 0}
    - target: {fileID: 3624550886420497130, guid: 782b16cbd91499843b6347357c0d8134, type: 3}
      propertyPath: m_LocalRotation.x
      value: -0
      objectReference: {fileID: 0}
    - target: {fileID: 3624550886420497130, guid: 782b16cbd91499843b6347357c0d8134, type: 3}
      propertyPath: m_LocalRotation.y
      value: -0
      objectReference: {fileID: 0}
    - target: {fileID: 3624550886420497130, guid: 782b16cbd91499843b6347357c0d8134, type: 3}
      propertyPath: m_LocalRotation.z
      value: -0
      objectReference: {fileID: 0}
    - target: {fileID: 3624550886420497130, guid: 782b16cbd91499843b6347357c0d8134, type: 3}
      propertyPath: m_LocalEulerAnglesHint.x
      value: 0
      objectReference: {fileID: 0}
    - target: {fileID: 3624550886420497130, guid: 782b16cbd91499843b6347357c0d8134, type: 3}
      propertyPath: m_LocalEulerAnglesHint.y
      value: 0
      objectReference: {fileID: 0}
    - target: {fileID: 3624550886420497130, guid: 782b16cbd91499843b6347357c0d8134, type: 3}
      propertyPath: m_LocalEulerAnglesHint.z
      value: 0
      objectReference: {fileID: 0}
    - target: {fileID: 7655660084565213204, guid: 782b16cbd91499843b6347357c0d8134, type: 3}
      propertyPath: m_Name
      value: SingleTap (2)
      objectReference: {fileID: 0}
    - target: {fileID: 7655660084565213204, guid: 782b16cbd91499843b6347357c0d8134, type: 3}
      propertyPath: m_IsActive
      value: 0
      objectReference: {fileID: 0}
    - target: {fileID: 9172827915533068097, guid: 782b16cbd91499843b6347357c0d8134, type: 3}
      propertyPath: m_IsActive
      value: 1
      objectReference: {fileID: 0}
    m_RemovedComponents: []
  m_SourcePrefab: {fileID: 100100000, guid: 782b16cbd91499843b6347357c0d8134, type: 3}
--- !u!1001 &1046336267
PrefabInstance:
  m_ObjectHideFlags: 0
  serializedVersion: 2
  m_Modification:
    m_TransformParent: {fileID: 423181629}
    m_Modifications:
    - target: {fileID: 3624550886420497130, guid: 782b16cbd91499843b6347357c0d8134, type: 3}
      propertyPath: m_RootOrder
      value: 5
      objectReference: {fileID: 0}
    - target: {fileID: 3624550886420497130, guid: 782b16cbd91499843b6347357c0d8134, type: 3}
      propertyPath: m_LocalPosition.x
      value: 0.1
      objectReference: {fileID: 0}
    - target: {fileID: 3624550886420497130, guid: 782b16cbd91499843b6347357c0d8134, type: 3}
      propertyPath: m_LocalPosition.y
      value: -0.31
      objectReference: {fileID: 0}
    - target: {fileID: 3624550886420497130, guid: 782b16cbd91499843b6347357c0d8134, type: 3}
      propertyPath: m_LocalPosition.z
      value: 0
      objectReference: {fileID: 0}
    - target: {fileID: 3624550886420497130, guid: 782b16cbd91499843b6347357c0d8134, type: 3}
      propertyPath: m_LocalRotation.w
      value: 1
      objectReference: {fileID: 0}
    - target: {fileID: 3624550886420497130, guid: 782b16cbd91499843b6347357c0d8134, type: 3}
      propertyPath: m_LocalRotation.x
      value: -0
      objectReference: {fileID: 0}
    - target: {fileID: 3624550886420497130, guid: 782b16cbd91499843b6347357c0d8134, type: 3}
      propertyPath: m_LocalRotation.y
      value: -0
      objectReference: {fileID: 0}
    - target: {fileID: 3624550886420497130, guid: 782b16cbd91499843b6347357c0d8134, type: 3}
      propertyPath: m_LocalRotation.z
      value: -0
      objectReference: {fileID: 0}
    - target: {fileID: 3624550886420497130, guid: 782b16cbd91499843b6347357c0d8134, type: 3}
      propertyPath: m_LocalEulerAnglesHint.x
      value: 0
      objectReference: {fileID: 0}
    - target: {fileID: 3624550886420497130, guid: 782b16cbd91499843b6347357c0d8134, type: 3}
      propertyPath: m_LocalEulerAnglesHint.y
      value: 0
      objectReference: {fileID: 0}
    - target: {fileID: 3624550886420497130, guid: 782b16cbd91499843b6347357c0d8134, type: 3}
      propertyPath: m_LocalEulerAnglesHint.z
      value: 0
      objectReference: {fileID: 0}
    - target: {fileID: 7655660084565213204, guid: 782b16cbd91499843b6347357c0d8134, type: 3}
      propertyPath: m_Name
      value: SingleTap (3)
      objectReference: {fileID: 0}
    - target: {fileID: 7655660084565213204, guid: 782b16cbd91499843b6347357c0d8134, type: 3}
      propertyPath: m_IsActive
      value: 0
      objectReference: {fileID: 0}
    m_RemovedComponents: []
  m_SourcePrefab: {fileID: 100100000, guid: 782b16cbd91499843b6347357c0d8134, type: 3}
--- !u!1001 &1126367209
PrefabInstance:
  m_ObjectHideFlags: 0
  serializedVersion: 2
  m_Modification:
    m_TransformParent: {fileID: 423181629}
    m_Modifications:
    - target: {fileID: 3624550886420497130, guid: 782b16cbd91499843b6347357c0d8134, type: 3}
      propertyPath: m_RootOrder
      value: 12
      objectReference: {fileID: 0}
    - target: {fileID: 3624550886420497130, guid: 782b16cbd91499843b6347357c0d8134, type: 3}
      propertyPath: m_LocalPosition.x
      value: 1.4
      objectReference: {fileID: 0}
    - target: {fileID: 3624550886420497130, guid: 782b16cbd91499843b6347357c0d8134, type: 3}
      propertyPath: m_LocalPosition.y
      value: -1.56
      objectReference: {fileID: 0}
    - target: {fileID: 3624550886420497130, guid: 782b16cbd91499843b6347357c0d8134, type: 3}
      propertyPath: m_LocalPosition.z
      value: 0
      objectReference: {fileID: 0}
    - target: {fileID: 3624550886420497130, guid: 782b16cbd91499843b6347357c0d8134, type: 3}
      propertyPath: m_LocalRotation.w
      value: 1
      objectReference: {fileID: 0}
    - target: {fileID: 3624550886420497130, guid: 782b16cbd91499843b6347357c0d8134, type: 3}
      propertyPath: m_LocalRotation.x
      value: -0
      objectReference: {fileID: 0}
    - target: {fileID: 3624550886420497130, guid: 782b16cbd91499843b6347357c0d8134, type: 3}
      propertyPath: m_LocalRotation.y
      value: -0
      objectReference: {fileID: 0}
    - target: {fileID: 3624550886420497130, guid: 782b16cbd91499843b6347357c0d8134, type: 3}
      propertyPath: m_LocalRotation.z
      value: -0
      objectReference: {fileID: 0}
    - target: {fileID: 3624550886420497130, guid: 782b16cbd91499843b6347357c0d8134, type: 3}
      propertyPath: m_LocalEulerAnglesHint.x
      value: 0
      objectReference: {fileID: 0}
    - target: {fileID: 3624550886420497130, guid: 782b16cbd91499843b6347357c0d8134, type: 3}
      propertyPath: m_LocalEulerAnglesHint.y
      value: 0
      objectReference: {fileID: 0}
    - target: {fileID: 3624550886420497130, guid: 782b16cbd91499843b6347357c0d8134, type: 3}
      propertyPath: m_LocalEulerAnglesHint.z
      value: 0
      objectReference: {fileID: 0}
    - target: {fileID: 7655660084565213204, guid: 782b16cbd91499843b6347357c0d8134, type: 3}
      propertyPath: m_Name
      value: SingleTap (9)
      objectReference: {fileID: 0}
    - target: {fileID: 7655660084565213204, guid: 782b16cbd91499843b6347357c0d8134, type: 3}
      propertyPath: m_IsActive
      value: 0
      objectReference: {fileID: 0}
    m_RemovedComponents: []
  m_SourcePrefab: {fileID: 100100000, guid: 782b16cbd91499843b6347357c0d8134, type: 3}
--- !u!4 &1130366071 stripped
Transform:
  m_CorrespondingSourceObject: {fileID: 3624550886420497130, guid: 782b16cbd91499843b6347357c0d8134, type: 3}
  m_PrefabInstance: {fileID: 1499041274}
  m_PrefabAsset: {fileID: 0}
--- !u!4 &1236230054 stripped
Transform:
  m_CorrespondingSourceObject: {fileID: 3624550886420497130, guid: d60736f0700021f4fb9d32e1642a7a20, type: 3}
  m_PrefabInstance: {fileID: 919348671}
  m_PrefabAsset: {fileID: 0}
--- !u!4 &1293794921 stripped
Transform:
  m_CorrespondingSourceObject: {fileID: 3624550886420497130, guid: 782b16cbd91499843b6347357c0d8134, type: 3}
  m_PrefabInstance: {fileID: 1126367209}
  m_PrefabAsset: {fileID: 0}
--- !u!4 &1294095689 stripped
Transform:
  m_CorrespondingSourceObject: {fileID: 3624550886420497130, guid: 782b16cbd91499843b6347357c0d8134, type: 3}
  m_PrefabInstance: {fileID: 281316072}
  m_PrefabAsset: {fileID: 0}
--- !u!1001 &1368247618
PrefabInstance:
  m_ObjectHideFlags: 0
  serializedVersion: 2
  m_Modification:
    m_TransformParent: {fileID: 423181629}
    m_Modifications:
    - target: {fileID: 3624550886420497130, guid: 782b16cbd91499843b6347357c0d8134, type: 3}
      propertyPath: m_RootOrder
      value: 9
      objectReference: {fileID: 0}
    - target: {fileID: 3624550886420497130, guid: 782b16cbd91499843b6347357c0d8134, type: 3}
      propertyPath: m_LocalPosition.x
      value: 1.32
      objectReference: {fileID: 0}
    - target: {fileID: 3624550886420497130, guid: 782b16cbd91499843b6347357c0d8134, type: 3}
      propertyPath: m_LocalPosition.y
      value: 0.81
      objectReference: {fileID: 0}
    - target: {fileID: 3624550886420497130, guid: 782b16cbd91499843b6347357c0d8134, type: 3}
      propertyPath: m_LocalPosition.z
      value: 0
      objectReference: {fileID: 0}
    - target: {fileID: 3624550886420497130, guid: 782b16cbd91499843b6347357c0d8134, type: 3}
      propertyPath: m_LocalRotation.w
      value: 1
      objectReference: {fileID: 0}
    - target: {fileID: 3624550886420497130, guid: 782b16cbd91499843b6347357c0d8134, type: 3}
      propertyPath: m_LocalRotation.x
      value: -0
      objectReference: {fileID: 0}
    - target: {fileID: 3624550886420497130, guid: 782b16cbd91499843b6347357c0d8134, type: 3}
      propertyPath: m_LocalRotation.y
      value: -0
      objectReference: {fileID: 0}
    - target: {fileID: 3624550886420497130, guid: 782b16cbd91499843b6347357c0d8134, type: 3}
      propertyPath: m_LocalRotation.z
      value: -0
      objectReference: {fileID: 0}
    - target: {fileID: 3624550886420497130, guid: 782b16cbd91499843b6347357c0d8134, type: 3}
      propertyPath: m_LocalEulerAnglesHint.x
      value: 0
      objectReference: {fileID: 0}
    - target: {fileID: 3624550886420497130, guid: 782b16cbd91499843b6347357c0d8134, type: 3}
      propertyPath: m_LocalEulerAnglesHint.y
      value: 0
      objectReference: {fileID: 0}
    - target: {fileID: 3624550886420497130, guid: 782b16cbd91499843b6347357c0d8134, type: 3}
      propertyPath: m_LocalEulerAnglesHint.z
      value: 0
      objectReference: {fileID: 0}
    - target: {fileID: 7655660084565213204, guid: 782b16cbd91499843b6347357c0d8134, type: 3}
      propertyPath: m_Name
      value: SingleTap (7)
      objectReference: {fileID: 0}
    - target: {fileID: 7655660084565213204, guid: 782b16cbd91499843b6347357c0d8134, type: 3}
      propertyPath: m_IsActive
      value: 0
      objectReference: {fileID: 0}
    m_RemovedComponents: []
  m_SourcePrefab: {fileID: 100100000, guid: 782b16cbd91499843b6347357c0d8134, type: 3}
--- !u!1001 &1499041274
PrefabInstance:
  m_ObjectHideFlags: 0
  serializedVersion: 2
  m_Modification:
    m_TransformParent: {fileID: 423181629}
    m_Modifications:
    - target: {fileID: 3624550886420497130, guid: 782b16cbd91499843b6347357c0d8134, type: 3}
      propertyPath: m_RootOrder
      value: 7
      objectReference: {fileID: 0}
    - target: {fileID: 3624550886420497130, guid: 782b16cbd91499843b6347357c0d8134, type: 3}
      propertyPath: m_LocalPosition.x
      value: 1.3
      objectReference: {fileID: 0}
    - target: {fileID: 3624550886420497130, guid: 782b16cbd91499843b6347357c0d8134, type: 3}
      propertyPath: m_LocalPosition.y
      value: 3.07
      objectReference: {fileID: 0}
    - target: {fileID: 3624550886420497130, guid: 782b16cbd91499843b6347357c0d8134, type: 3}
      propertyPath: m_LocalPosition.z
      value: 0
      objectReference: {fileID: 0}
    - target: {fileID: 3624550886420497130, guid: 782b16cbd91499843b6347357c0d8134, type: 3}
      propertyPath: m_LocalRotation.w
      value: 1
      objectReference: {fileID: 0}
    - target: {fileID: 3624550886420497130, guid: 782b16cbd91499843b6347357c0d8134, type: 3}
      propertyPath: m_LocalRotation.x
      value: -0
      objectReference: {fileID: 0}
    - target: {fileID: 3624550886420497130, guid: 782b16cbd91499843b6347357c0d8134, type: 3}
      propertyPath: m_LocalRotation.y
      value: -0
      objectReference: {fileID: 0}
    - target: {fileID: 3624550886420497130, guid: 782b16cbd91499843b6347357c0d8134, type: 3}
      propertyPath: m_LocalRotation.z
      value: -0
      objectReference: {fileID: 0}
    - target: {fileID: 3624550886420497130, guid: 782b16cbd91499843b6347357c0d8134, type: 3}
      propertyPath: m_LocalEulerAnglesHint.x
      value: 0
      objectReference: {fileID: 0}
    - target: {fileID: 3624550886420497130, guid: 782b16cbd91499843b6347357c0d8134, type: 3}
      propertyPath: m_LocalEulerAnglesHint.y
      value: 0
      objectReference: {fileID: 0}
    - target: {fileID: 3624550886420497130, guid: 782b16cbd91499843b6347357c0d8134, type: 3}
      propertyPath: m_LocalEulerAnglesHint.z
      value: 0
      objectReference: {fileID: 0}
    - target: {fileID: 7655660084565213204, guid: 782b16cbd91499843b6347357c0d8134, type: 3}
      propertyPath: m_Name
      value: SingleTap (5)
      objectReference: {fileID: 0}
    - target: {fileID: 7655660084565213204, guid: 782b16cbd91499843b6347357c0d8134, type: 3}
      propertyPath: m_IsActive
      value: 0
      objectReference: {fileID: 0}
    - target: {fileID: 9172827915533068097, guid: 782b16cbd91499843b6347357c0d8134, type: 3}
      propertyPath: m_IsActive
      value: 1
      objectReference: {fileID: 0}
    m_RemovedComponents: []
  m_SourcePrefab: {fileID: 100100000, guid: 782b16cbd91499843b6347357c0d8134, type: 3}
--- !u!4 &1557564275 stripped
Transform:
  m_CorrespondingSourceObject: {fileID: 3624550886420497130, guid: d60736f0700021f4fb9d32e1642a7a20, type: 3}
  m_PrefabInstance: {fileID: 969177242}
  m_PrefabAsset: {fileID: 0}
--- !u!4 &1650016438 stripped
Transform:
  m_CorrespondingSourceObject: {fileID: 3624550886420497130, guid: 782b16cbd91499843b6347357c0d8134, type: 3}
  m_PrefabInstance: {fileID: 1046336267}
  m_PrefabAsset: {fileID: 0}
--- !u!1 &1699814088
GameObject:
  m_ObjectHideFlags: 0
  m_CorrespondingSourceObject: {fileID: 0}
  m_PrefabInstance: {fileID: 0}
  m_PrefabAsset: {fileID: 0}
  serializedVersion: 6
  m_Component:
  - component: {fileID: 1699814090}
  - component: {fileID: 1699814089}
  m_Layer: 0
  m_Name: Map
  m_TagString: Untagged
  m_Icon: {fileID: 0}
  m_NavMeshLayer: 0
  m_StaticEditorFlags: 0
  m_IsActive: 1
--- !u!212 &1699814089
SpriteRenderer:
  m_ObjectHideFlags: 0
  m_CorrespondingSourceObject: {fileID: 0}
  m_PrefabInstance: {fileID: 0}
  m_PrefabAsset: {fileID: 0}
  m_GameObject: {fileID: 1699814088}
  m_Enabled: 1
  m_CastShadows: 0
  m_ReceiveShadows: 0
  m_DynamicOccludee: 1
  m_MotionVectors: 1
  m_LightProbeUsage: 1
  m_ReflectionProbeUsage: 1
  m_RayTracingMode: 0
  m_RayTraceProcedural: 0
  m_RenderingLayerMask: 1
  m_RendererPriority: 0
  m_Materials:
  - {fileID: 10754, guid: 0000000000000000f000000000000000, type: 0}
  m_StaticBatchInfo:
    firstSubMesh: 0
    subMeshCount: 0
  m_StaticBatchRoot: {fileID: 0}
  m_ProbeAnchor: {fileID: 0}
  m_LightProbeVolumeOverride: {fileID: 0}
  m_ScaleInLightmap: 1
  m_ReceiveGI: 1
  m_PreserveUVs: 0
  m_IgnoreNormalsForChartDetection: 0
  m_ImportantGI: 0
  m_StitchLightmapSeams: 1
  m_SelectedEditorRenderState: 0
  m_MinimumChartSize: 4
  m_AutoUVMaxDistance: 0.5
  m_AutoUVMaxAngle: 89
  m_LightmapParameters: {fileID: 0}
  m_SortingLayerID: 0
  m_SortingLayer: 0
  m_SortingOrder: -2
  m_Sprite: {fileID: 2118958311618589481, guid: cb945f027e0f24457a0e1037e7d1e1d6, type: 3}
  m_Color: {r: 1, g: 1, b: 1, a: 1}
  m_FlipX: 0
  m_FlipY: 0
  m_DrawMode: 0
  m_Size: {x: 13.083985, y: 28.000002}
  m_AdaptiveModeThreshold: 0.5
  m_SpriteTileMode: 0
  m_WasSpriteAssigned: 1
  m_MaskInteraction: 0
  m_SpriteSortPoint: 0
--- !u!4 &1699814090
Transform:
  m_ObjectHideFlags: 0
  m_CorrespondingSourceObject: {fileID: 0}
  m_PrefabInstance: {fileID: 0}
  m_PrefabAsset: {fileID: 0}
  m_GameObject: {fileID: 1699814088}
  m_LocalRotation: {x: 0, y: 0, z: 0, w: 1}
  m_LocalPosition: {x: 0, y: 0, z: 0}
  m_LocalScale: {x: 1, y: 1, z: 1}
  m_Children: []
  m_Father: {fileID: 0}
  m_RootOrder: 1
  m_LocalEulerAnglesHint: {x: 0, y: 0, z: 0}
--- !u!4 &1852725986 stripped
Transform:
  m_CorrespondingSourceObject: {fileID: 1574882216775932699, guid: 338002975cc5a224781c9d80b5402800, type: 3}
  m_PrefabInstance: {fileID: 268723226}
  m_PrefabAsset: {fileID: 0}
--- !u!1001 &1926757181
PrefabInstance:
  m_ObjectHideFlags: 0
  serializedVersion: 2
  m_Modification:
    m_TransformParent: {fileID: 0}
    m_Modifications:
    - target: {fileID: 1460047138632975548, guid: 7cd06db7909954097a521c670d2a0ebf, type: 3}
      propertyPath: m_RootOrder
      value: 6
      objectReference: {fileID: 0}
    - target: {fileID: 1460047138632975548, guid: 7cd06db7909954097a521c670d2a0ebf, type: 3}
      propertyPath: m_LocalPosition.x
      value: 3.3677444
      objectReference: {fileID: 0}
    - target: {fileID: 1460047138632975548, guid: 7cd06db7909954097a521c670d2a0ebf, type: 3}
      propertyPath: m_LocalPosition.y
      value: -0.7432545
      objectReference: {fileID: 0}
    - target: {fileID: 1460047138632975548, guid: 7cd06db7909954097a521c670d2a0ebf, type: 3}
      propertyPath: m_LocalPosition.z
      value: -0.47085288
      objectReference: {fileID: 0}
    - target: {fileID: 1460047138632975548, guid: 7cd06db7909954097a521c670d2a0ebf, type: 3}
      propertyPath: m_LocalRotation.w
      value: 1
      objectReference: {fileID: 0}
    - target: {fileID: 1460047138632975548, guid: 7cd06db7909954097a521c670d2a0ebf, type: 3}
      propertyPath: m_LocalRotation.x
      value: 0
      objectReference: {fileID: 0}
    - target: {fileID: 1460047138632975548, guid: 7cd06db7909954097a521c670d2a0ebf, type: 3}
      propertyPath: m_LocalRotation.y
      value: 0
      objectReference: {fileID: 0}
    - target: {fileID: 1460047138632975548, guid: 7cd06db7909954097a521c670d2a0ebf, type: 3}
      propertyPath: m_LocalRotation.z
      value: 0
      objectReference: {fileID: 0}
    - target: {fileID: 1460047138632975548, guid: 7cd06db7909954097a521c670d2a0ebf, type: 3}
      propertyPath: m_LocalEulerAnglesHint.x
      value: 0
      objectReference: {fileID: 0}
    - target: {fileID: 1460047138632975548, guid: 7cd06db7909954097a521c670d2a0ebf, type: 3}
      propertyPath: m_LocalEulerAnglesHint.y
      value: 0
      objectReference: {fileID: 0}
    - target: {fileID: 1460047138632975548, guid: 7cd06db7909954097a521c670d2a0ebf, type: 3}
      propertyPath: m_LocalEulerAnglesHint.z
      value: 0
      objectReference: {fileID: 0}
    - target: {fileID: 4932595425541862701, guid: 7cd06db7909954097a521c670d2a0ebf, type: 3}
      propertyPath: m_Name
      value: LevelAudio
      objectReference: {fileID: 0}
    m_RemovedComponents: []
  m_SourcePrefab: {fileID: 100100000, guid: 7cd06db7909954097a521c670d2a0ebf, type: 3}
--- !u!4 &2008047948 stripped
Transform:
  m_CorrespondingSourceObject: {fileID: 1574882216775932699, guid: 338002975cc5a224781c9d80b5402800, type: 3}
  m_PrefabInstance: {fileID: 617108563}
  m_PrefabAsset: {fileID: 0}
--- !u!1001 &2036174231
PrefabInstance:
  m_ObjectHideFlags: 0
  serializedVersion: 2
  m_Modification:
    m_TransformParent: {fileID: 423181629}
    m_Modifications:
    - target: {fileID: 1306416688, guid: d60736f0700021f4fb9d32e1642a7a20, type: 3}
      propertyPath: m_Camera
      value: 
      objectReference: {fileID: 519420031}
    - target: {fileID: 3624550886420497130, guid: d60736f0700021f4fb9d32e1642a7a20, type: 3}
      propertyPath: m_RootOrder
      value: 1
      objectReference: {fileID: 0}
    - target: {fileID: 3624550886420497130, guid: d60736f0700021f4fb9d32e1642a7a20, type: 3}
      propertyPath: m_LocalPosition.x
      value: 1.48
      objectReference: {fileID: 0}
    - target: {fileID: 3624550886420497130, guid: d60736f0700021f4fb9d32e1642a7a20, type: 3}
      propertyPath: m_LocalPosition.y
      value: -3.478
      objectReference: {fileID: 0}
    - target: {fileID: 3624550886420497130, guid: d60736f0700021f4fb9d32e1642a7a20, type: 3}
      propertyPath: m_LocalPosition.z
      value: 0
      objectReference: {fileID: 0}
    - target: {fileID: 3624550886420497130, guid: d60736f0700021f4fb9d32e1642a7a20, type: 3}
      propertyPath: m_LocalRotation.w
      value: 1
      objectReference: {fileID: 0}
    - target: {fileID: 3624550886420497130, guid: d60736f0700021f4fb9d32e1642a7a20, type: 3}
      propertyPath: m_LocalRotation.x
      value: 0
      objectReference: {fileID: 0}
    - target: {fileID: 3624550886420497130, guid: d60736f0700021f4fb9d32e1642a7a20, type: 3}
      propertyPath: m_LocalRotation.y
      value: 0
      objectReference: {fileID: 0}
    - target: {fileID: 3624550886420497130, guid: d60736f0700021f4fb9d32e1642a7a20, type: 3}
      propertyPath: m_LocalRotation.z
      value: 0
      objectReference: {fileID: 0}
    - target: {fileID: 3624550886420497130, guid: d60736f0700021f4fb9d32e1642a7a20, type: 3}
      propertyPath: m_LocalEulerAnglesHint.x
      value: 0
      objectReference: {fileID: 0}
    - target: {fileID: 3624550886420497130, guid: d60736f0700021f4fb9d32e1642a7a20, type: 3}
      propertyPath: m_LocalEulerAnglesHint.y
      value: 0
      objectReference: {fileID: 0}
    - target: {fileID: 3624550886420497130, guid: d60736f0700021f4fb9d32e1642a7a20, type: 3}
      propertyPath: m_LocalEulerAnglesHint.z
      value: 0
      objectReference: {fileID: 0}
    - target: {fileID: 7655660084565213204, guid: d60736f0700021f4fb9d32e1642a7a20, type: 3}
      propertyPath: m_Name
      value: TrippleTap (1)
      objectReference: {fileID: 0}
    - target: {fileID: 7655660084565213204, guid: d60736f0700021f4fb9d32e1642a7a20, type: 3}
      propertyPath: m_IsActive
      value: 0
      objectReference: {fileID: 0}
    m_RemovedComponents: []
  m_SourcePrefab: {fileID: 100100000, guid: d60736f0700021f4fb9d32e1642a7a20, type: 3}
--- !u!1001 &2062592229
PrefabInstance:
  m_ObjectHideFlags: 0
  serializedVersion: 2
  m_Modification:
    m_TransformParent: {fileID: 249638930}
    m_Modifications:
    - target: {fileID: 5164492565344541150, guid: df044e5d6a03343cd90e5186a50838b8, type: 3}
      propertyPath: m_Alpha
      value: 0
      objectReference: {fileID: 0}
    - target: {fileID: 6351334945701779400, guid: df044e5d6a03343cd90e5186a50838b8, type: 3}
      propertyPath: m_Name
      value: CancelOverlay
      objectReference: {fileID: 0}
    - target: {fileID: 7578704433420519340, guid: df044e5d6a03343cd90e5186a50838b8, type: 3}
      propertyPath: m_Pivot.x
      value: 0.5
      objectReference: {fileID: 0}
    - target: {fileID: 7578704433420519340, guid: df044e5d6a03343cd90e5186a50838b8, type: 3}
      propertyPath: m_Pivot.y
      value: 0.5
      objectReference: {fileID: 0}
    - target: {fileID: 7578704433420519340, guid: df044e5d6a03343cd90e5186a50838b8, type: 3}
      propertyPath: m_RootOrder
      value: 1
      objectReference: {fileID: 0}
    - target: {fileID: 7578704433420519340, guid: df044e5d6a03343cd90e5186a50838b8, type: 3}
      propertyPath: m_AnchorMax.x
      value: 1
      objectReference: {fileID: 0}
    - target: {fileID: 7578704433420519340, guid: df044e5d6a03343cd90e5186a50838b8, type: 3}
      propertyPath: m_AnchorMax.y
      value: 1
      objectReference: {fileID: 0}
    - target: {fileID: 7578704433420519340, guid: df044e5d6a03343cd90e5186a50838b8, type: 3}
      propertyPath: m_AnchorMin.x
      value: 0
      objectReference: {fileID: 0}
    - target: {fileID: 7578704433420519340, guid: df044e5d6a03343cd90e5186a50838b8, type: 3}
      propertyPath: m_AnchorMin.y
      value: 0
      objectReference: {fileID: 0}
    - target: {fileID: 7578704433420519340, guid: df044e5d6a03343cd90e5186a50838b8, type: 3}
      propertyPath: m_SizeDelta.x
      value: 0
      objectReference: {fileID: 0}
    - target: {fileID: 7578704433420519340, guid: df044e5d6a03343cd90e5186a50838b8, type: 3}
      propertyPath: m_SizeDelta.y
      value: 0
      objectReference: {fileID: 0}
    - target: {fileID: 7578704433420519340, guid: df044e5d6a03343cd90e5186a50838b8, type: 3}
      propertyPath: m_LocalPosition.x
      value: 0
      objectReference: {fileID: 0}
    - target: {fileID: 7578704433420519340, guid: df044e5d6a03343cd90e5186a50838b8, type: 3}
      propertyPath: m_LocalPosition.y
      value: 0
      objectReference: {fileID: 0}
    - target: {fileID: 7578704433420519340, guid: df044e5d6a03343cd90e5186a50838b8, type: 3}
      propertyPath: m_LocalPosition.z
      value: 0
      objectReference: {fileID: 0}
    - target: {fileID: 7578704433420519340, guid: df044e5d6a03343cd90e5186a50838b8, type: 3}
      propertyPath: m_LocalRotation.w
      value: 1
      objectReference: {fileID: 0}
    - target: {fileID: 7578704433420519340, guid: df044e5d6a03343cd90e5186a50838b8, type: 3}
      propertyPath: m_LocalRotation.x
      value: 0
      objectReference: {fileID: 0}
    - target: {fileID: 7578704433420519340, guid: df044e5d6a03343cd90e5186a50838b8, type: 3}
      propertyPath: m_LocalRotation.y
      value: 0
      objectReference: {fileID: 0}
    - target: {fileID: 7578704433420519340, guid: df044e5d6a03343cd90e5186a50838b8, type: 3}
      propertyPath: m_LocalRotation.z
      value: 0
      objectReference: {fileID: 0}
    - target: {fileID: 7578704433420519340, guid: df044e5d6a03343cd90e5186a50838b8, type: 3}
      propertyPath: m_AnchoredPosition.x
      value: 0
      objectReference: {fileID: 0}
    - target: {fileID: 7578704433420519340, guid: df044e5d6a03343cd90e5186a50838b8, type: 3}
      propertyPath: m_AnchoredPosition.y
      value: 0
      objectReference: {fileID: 0}
    - target: {fileID: 7578704433420519340, guid: df044e5d6a03343cd90e5186a50838b8, type: 3}
      propertyPath: m_LocalEulerAnglesHint.x
      value: 0
      objectReference: {fileID: 0}
    - target: {fileID: 7578704433420519340, guid: df044e5d6a03343cd90e5186a50838b8, type: 3}
      propertyPath: m_LocalEulerAnglesHint.y
      value: 0
      objectReference: {fileID: 0}
    - target: {fileID: 7578704433420519340, guid: df044e5d6a03343cd90e5186a50838b8, type: 3}
      propertyPath: m_LocalEulerAnglesHint.z
      value: 0
      objectReference: {fileID: 0}
    - target: {fileID: 8311907850932758042, guid: df044e5d6a03343cd90e5186a50838b8, type: 3}
      propertyPath: m_AnchoredPosition.x
      value: 9.309082
      objectReference: {fileID: 0}
    m_RemovedComponents: []
  m_SourcePrefab: {fileID: 100100000, guid: df044e5d6a03343cd90e5186a50838b8, type: 3}
--- !u!224 &2062592230 stripped
RectTransform:
  m_CorrespondingSourceObject: {fileID: 7578704433420519340, guid: df044e5d6a03343cd90e5186a50838b8, type: 3}
  m_PrefabInstance: {fileID: 2062592229}
  m_PrefabAsset: {fileID: 0}
--- !u!95 &2119366863 stripped
Animator:
  m_CorrespondingSourceObject: {fileID: 8123845753795446219, guid: df044e5d6a03343cd90e5186a50838b8, type: 3}
  m_PrefabInstance: {fileID: 2062592229}
  m_PrefabAsset: {fileID: 0}
